2072 3522
142 270 223 308 102
514 264 969 308 PHILOSOPHIAE
1003 262 1365 305 NATURALIS
1423 262 1518 314 [DE
1542 261 1704 303 Mum).
1729 263 1850 304 Srsr.

138 387 278 434 partes
305 385 485 430 100000,
518 380 559 422 et
587 380 737 422 referat
767 380 808 421 T
839 380 1017 421 Terram
1046 385 1088 419 et
1118 377 1159 419 T
1181 370 1218 418 C
1238 366 1580 418 eccentricitatem
1601 375 1851 418 mediocrem

141 451 276 493 Lunae
295 451 475 506 partium
495 457 620 493 5505.
673 451 934 495 Producatur
955 450 996 491 T
1014 448 1049 489 C
1069 447 1123 489 ad
1144 446 1196 498 B,
1218 455 1263 488 ut
1284 446 1337 488 sit
1359 447 1395 489 C
1418 446 1455 488 B
1476 446 1588 488 sinus
1608 447 1851 503 aequationis

139 522 332 562 maximae
354 521 559 562 semestris
594 526 690 561 l‘lgf.
727 522 804 561 18‘.
835 520 887 560 ad
917 534 983 561 ra·-

140 593 255 634 dium
276 594 317 635 T
332 593 381 644 C,
403 601 444 634 et
463 594 638 635 circulus
662 594 759 637 BD
774 594 815 634 A
836 600 977 634 centro

142 666 193 715 C,
234 665 448 709 intervallo
490 666 526 706 C
563 666 599 706 B
634 665 862 719 descriptus
903 665 980 705 erit

140 737 346 793 epicyclus
375 737 444 778 ille
473 738 517 778 in
547 752 629 793 quo
650 747 837 778 centrum
867 737 978 777 orbis

139 809 294 850 lunaris
308 809 467 850 locatur
487 818 528 850 et
548 809 776 850 secundum
791 808 978 850 ordinem

138 881 350 922 literarum
374 881 411 922 B
432 881 477 922 D
500 881 539 922 A
559 881 793 922 revolvitur.
856 881 981 935 Capi-

141 961 232 994 atur
261 953 437 1010 angulus
461 953 498 994 B
522 953 557 994 C
578 953 622 994 D
652 952 821 1008 aequalis
852 952 980 1007 duplo
1040 968 1042 971 ⁴

140 1033 386 1080 argumento
399 1040 550 1075 annuo,
573 1040 646 1066 seu
666 1025 805 1079 duplae
826 1024 982 1066 distan-

140 1097 211 1139 tiae
231 1097 318 1138 veri
337 1097 417 1138 loci
442 1097 547 1138 Solis
569 1097 621 1137 ab
641 1111 814 1153 apogaeo
836 1097 970 1139 Lunae
991 1098 1113 1139 semel
1134 1106 1310 1155 aequato,
1334 1106 1375 1140 et
1394 1099 1472 1140 erit
1495 1099 1530 1140 C
1547 1099 1589 1140 T
1609 1098 1653 1140 D
1674 1099 1850 1154 aequatio

142 1171 348 1212 semestris
383 1171 545 1228 apogaei
580 1170 715 1212 Lunae
750 1178 791 1211 et
826 1171 867 1212 T
899 1171 943 1213 D
979 1171 1256 1213 eccentricitas
1291 1171 1402 1212 orbis
1434 1172 1520 1226 ejus
1555 1171 1598 1211 in
1633 1185 1848 1227 apogaeum
1872 1195 1876 1198 -

141 1243 322 1284 secundo
342 1251 551 1298 aequatum
571 1242 759 1283 tendens.

822 1242 991 1284 Habitis
1012 1252 1150 1284 autem
1172 1243 1305 1284 Lunae
1325 1251 1441 1284 motu
1460 1242 1597 1283 medio
1617 1251 1657 1284 et
1677 1257 1850 1299 apogaeo

140 1323 181 1356 et
201 1315 514 1364 eccentricitate,
547 1322 593 1355 ut
621 1322 664 1356 et
692 1314 804 1355 orbis
825 1330 902 1356 axe
921 1317 1076 1370 majore
1095 1315 1272 1370 partium
1304 1321 1473 1358 200000
1485 1332 1496 1365 3
1527 1330 1579 1356 ex
1600 1315 1664 1356 his
1686 1323 1851 1356 eruetur

90 1387 97 1391 ’
139 1402 260 1429 verus
275 1388 409 1429 Lunae
429 1388 542 1429 locus
563 1388 606 1428 in
626 1387 726 1429 orbe
747 1396 790 1429 et
808 1387 1001 1430 distantia
1016 1389 1102 1443 ejus
1123 1403 1148 1429 a
1168 1387 1315 1439 Terra,
1339 1386 1389 1443 (k)
1411 1387 1534 1443 idque
1547 1401 1622 1442 per
1634 1387 1850 1428 methodos

139 1459 387 1500 notissimas.

200 1529 242 1584 (¹)
285 1530 336 1571 In
351 1544 354 1545 ⁷
370 1529 570 1583 perihelio
604 1529 763 1578 Terrae,
799 1536 970 1584 propter
1004 1530 1203 1585 majorem
1233 1529 1318 1569 vim
1355 1528 1474 1578 Solis,
1518 1536 1703 1569 centrum
1739 1528 1850 1568 orbis

142 1599 277 1642 Lunae
307 1600 487 1641 velocius
519 1608 708 1640 movetur
728 1600 881 1640 circum
913 1608 1099 1641 centrum
1137 1600 1173 1641 C
1208 1598 1331 1656 quam
1365 1600 1408 1640 in
1441 1599 1615 1653 aphelio,
1651 1599 1774 1654 idque
1808 1599 1849 1638 in

140 1670 342 1725 tripHcata
374 1671 532 1712 ratione
562 1670 767 1711 distantiae
789 1671 935 1712 Terrae
966 1686 991 1711 a
1029 1671 1124 1712 Sole
1144 1669 1315 1712 inverse.
1376 1670 1438 1726 (¹¹¹)
1465 1670 1544 1725 Χ01)
1576 1670 1850 1725 aequationem
1870 1719 1882 1724 ,

142 1741 270 1782 centri
305 1741 409 1782 Solis
443 1741 486 1780 in
517 1748 761 1796 argumento
795 1756 933 1781 annuo
966 1740 1318 1795 comprehensam,
1353 1748 1539 1781 centrum
1571 1741 1682 1781 orbis
1715 1740 1849 1781 Lunae

141 1809 321 1852 velocius
342 1819 530 1851 movetur
550 1810 593 1850 in
615 1810 799 1865 epicyclo
823 1810 859 1851 B
881 1810 925 1852 D
946 1811 987 1852 A
1007 1811 1049 1851 in
1070 1809 1277 1865 duplicata
1299 1811 1457 1851 ratione
1477 1811 1681 1860 distantiae
1702 1811 1848 1852 Terrae

140 1948 359 1991 sinusanguli
383 1950 509 1980 maximi
535 1960 596 1990 quo
621 1949 783 1980 discedunt
811 1948 930 1988 apsides
953 1959 972 1979 a
1015 1949 1083 1988 ejus
1106 1948 1327 1986 excentricitas,
1349 1956 1470 1980 motum
1493 1949 1597 1989 itaque
1622 1950 1717 1980 centri
1742 1950 1848 1981 orbitae

140 1994 210 2024 loco
234 1994 356 2023 medio:
385 2003 459 2033 ergo
482 1992 605 2032 quando
634 1993 661 2022 B
690 1992 716 2021 F
739 1998 784 2021 est
808 1991 969 2031 quadrans,
1015 1992 1130 2021 lunaris
1153 1991 1180 2021 F
1201 1991 1234 2020 in
1250 1991 1364 2022 circulo
1392 1992 1420 2022 B
1446 1992 1472 2021 F
1495 1992 1529 2021 H
1554 1993 1583 2021 A
1610 1993 1639 2020 vi
1665 1992 1755 2022 solari
1784 2003 1849 2023 esse

141 2034 273 2076 idefique
288 2036 407 2074 apsides
421 2042 542 2065 octante
564 2045 582 2064 a
603 2033 725 2074 syzygia
740 2033 862 2070 distant,
886 2034 973 2064 sinus
1016 2033 1156 2063 debitum
1171 2033 1277 2073 liquet.
1301 2043 1409 2063 omnes
1431 2032 1501 2064 vero
1523 2043 1638 2064 errores
1653 2044 1689 2064 ex
1706 2036 1735 2064 vi
1757 2035 1849 2065 solari

141 2079 249 2119 anguli
274 2078 300 2108 F
318 2079 347 2108 T
365 2079 392 2108 B
419 2084 464 2107 est
489 2077 554 2116 ipsa
576 2077 658 2107 linea
687 2077 712 2106 C
731 2076 758 2106 Β
785 2075 847 2104 sive
873 2074 975 2117 1172}
1017 2081 1108 2110 ortos,
1127 2086 1191 2105 esse
1205 2075 1343 2114 proxime
1358 2076 1391 2105 in
1406 2076 1556 2115 triplicata
1567 2077 1685 2106 ratione
1695 2077 1846 2107 distantiae

141 2121 218 2151 dum
233 2121 337 2151 radius
349 2121 378 2150 T
394 2120 418 2150 F
430 2126 475 2149 est
490 2119 615 2159 aequalis
630 2120 658 2150 T
671 2119 696 2149 C
711 2119 773 2148 sive
788 2119 882 2154 5⁵05,
900 2128 974 2159 ergo

141 2174 179 2194 eo
199 2163 233 2193 in
255 2173 327 2193 casu
343 2163 479 2203 angulus
505 2162 530 2191 F
547 2162 576 2191 T
594 2162 622 2191 B

141 2212 188 2235 est
203 2215 293 2236 verus
304 2205 453 2235 discessus
468 2204 558 2233 lineae
573 2214 626 2242 ap·

142 2248 244 2278 sidum
267 2258 286 2277 a
307 2257 364 2277 suo
378 2247 446 2276 loco
461 2246 573 2282 medio,
595 2252 627 2276 et

140 2291 222 2330 jacet
241 2290 269 2320 T
287 2290 314 2320 F
336 2290 368 2319 in
391 2287 462 2319 veri
477 2288 628 2327 positione

142 2333 234 2363 lineae
248 2332 400 2371 apsidum,
418 2338 448 2361 et
463 2330 536 2361 cum
554 2331 582 2360 T
600 2331 627 2360 F

143 2375 182 2405 sit
207 2375 418 2404 oxcencricitas
443 2383 480 2403 eo
505 2376 537 2402 in
559 2373 629 2403 loco

116 2446 119 2449 Δ
143 2423 190 2447 est
207 2417 233 2447 F
248 2417 281 2446 in
292 2415 359 2455 ips&
370 2416 520 2455 positione
532 2415 627 2445 centri

143 2460 250 2490 orbitae
265 2459 399 2495 lunaris;
424 2458 506 2489 idern
522 2458 624 2497 proxi·

143 2501 195 2532 me
221 2501 340 2532 eveniet
368 2501 400 2530 in
429 2500 538 2542 quovis
566 2500 628 2530 alio

143 2544 212 2574 loco
230 2544 276 2582 F;
299 2554 372 2574 nam
388 2542 460 2573 cum
480 2543 624 2583 aequatio·
669 2565 677 2574 2

143 2597 198 2617 nes
219 2586 337 2627 apogaei
361 2588 445 2627 (pag.
473 2585 541 2624 91.)
567 2586 628 2615 sint

143 2636 181 2660 ut
194 2629 280 2659 sinus
295 2639 383 2659 arcus
399 2628 489 2666 dupli
511 2627 627 2657 distan-

143 2672 194 2702 tiae
205 2672 318 2710 apsidis
332 2683 350 2701 a
367 2671 446 2708 Sole,
463 2677 492 2700 et
504 2670 543 2700 sit
557 2671 583 2700 F
597 2671 626 2700 Β

144 2724 233 2744 arcus
250 2714 365 2753 duplus
380 2713 533 2744 distantiae
547 2713 627 2752 apsi-

1019 2118 1124 2148 Terrae
1138 2129 1157 2148 a
1173 2118 1244 2148 Sole
1259 2118 1372 2157 saepius
1382 2120 1575 2150 observatum
1589 2125 1644 2156 est,
1660 2119 1732 2150 hinc
1743 2124 1846 2150 motus
1906 2149 1911 2157 ,

143 2756 192 2786 dis
206 2768 224 2786 a
242 2756 312 2787 Sole
327 2763 358 2786 et
376 2756 402 2786 F
415 2757 444 2786 E
456 2756 522 2793 eius
531 2756 624 2791 sinus,
683 2766 685 2768 ¹
721 2787 729 2794 ‚

145 2800 276 2839 aequatio
290 2799 425 2829 maxima
443 2788 522 2828 12⁸¹·
543 2798 599 2828 18¹.
622 2790 744 2822 debebit
758 2797 822 2817 esse
843 2785 882 2816 ad
903 2795 971 2816 eam

144 2851 214 2881 quae
229 2842 301 2872 huic
317 2841 385 2871 loco
404 2841 430 2871 F
444 2841 589 2879 competit
603 2846 639 2870 ut
655 2841 681 2869 13
700 2833 725 2863 C
747 2829 837 2860 ad'F
854 2829 894 2863 E’
918 2827 972 2858 sed

144 2883 178 2912 in
193 2882 230 2913 ea
243 2883 380 2922 proxime
394 2890 467 2914 sunt
481 2883 598 2913 ratione
609 2878 715 2922 anguli
726 2883 833 2925 0¹f¹¹¹eS
848 2872 874 2924 1⁴:
887 2871 916 2901 T
930 2872 969 2921 Ῑξ»

145 2925 217 2956 hinc
233 2927 333 2966 itaque
348 2933 392 2956 est
407 2936 499 2965 qutun
516 2923 655 2964 proxime
672 2924 701 2954 T
719 2920 745 2950 F
759 2928 792 2947 ¹¹¹
804 2926 877 2966 ‚vera
891 2925 971 2954 90⁵¹-

145 2967 228 2998 tione
244 2968 332 2998 linem
347 2968 487 3007 apsidum
504 2975 534 2998 et
552 2968 577 2998 F
592 2973 732 2998 centrum
747 2961 863 3008 ⁰¹b¹tf³⁶
914 3000 922 3006 ·

189 3009 235 3051 (⁶²)
255 3013 270 3029 *¹
291 3014 352 3041 Per
367 3013 514 3041 methodos
528 3012 706 3042 notissimas.
756 3004 808 3034 De
822 3012 859 3031 ¹¹⁵
873 3006 975 3040 agmff

147 3052 219 3084 Lib·
239 3053 267 3083 1·
285 3053 376 3092 Prop.
395 3053 535 3083 XXXI·
836 3086 842 3092 ,
939 3084 946 3091 ,

189 3095 228 3137 (¹)
254 3097 271 3115 ⁶
289 3096 331 3125 In
352 3097 503 3134 perilzelio.
553 3095 585 3126 Si
610 3094 697 3124 nulla
718 3096 794 3123 esset
815 3097 859 3117 Vis
884 3084 971 3120 Sohs»

144 3139 337 3179 quiescerent
348 3137 466 3176 apsides
477 3137 582 3168 orbitae
590 3137 716 3173 lunaris,
733 3143 790 3165 nec
804 3134 975 3163 mutaretur

1015 2784 1111 2815 centri
1129 2783 1156 2814 F
1170 2783 1275 2814 orbitae
1288 2782 1404 2813 lunaris
1418 2781 1450 2812 in
1466 2781 1580 2812 circulo
1603 2781 1632 2812 B
1652 2780 1679 2812 F
1697 2780 1734 2811 H
1751 2780 1783 2811 A
1804 2777 1843 2812 εἰ

1014 2826 1209 2866 proportione
1223 2825 1329 2856 variari
1343 2824 1441 2855 debet.

1059 2868 1113 2910 (¹¹²)
1132 2871 1147 2888 ⁴⁸
1164 2870 1204 2899 Ob
1215 2869 1412 2908 aequationem
1421 2867 1518 2898 centri
1529 2868 1601 2897 Solis
1616 2867 1648 2896 1'n
1663 2871 1842 2906 argumento

1015 2923 1121 2942 annuo
1135 2913 1386 2950 comprehensam,
1398 2909 1455 2939 &c·
1489 2910 1591 2939 Arcus
1608 2908 1634 2939 F
1648 2908 1676 2939 Β
1692 2907 1741 2939 vel
1755 2916 1844 2938 arcun

1018 2954 1048 2985 Β
1064 2954 1095 2984 D
1111 2953 1143 2982 in
1159 2951 1260 2993 figura
1271 2950 1371 2982 textfis
1385 2958 1430 2982 est
1444 2951 1558 2991 duplus
1568 2950 1719 2982 distantiat
1729 2948 1843 2988 apsidis

1017 3006 1036 3026 a
1056 2993 1188 3035 syzygia,
1213 2995 1270 3024 hoc
1293 3000 1346 3030 est,
1374 2993 1488 3033 duplus
1513 2994 1664 3024 distantiae
1687 2992 1800 3031 apsidus
1824 3001 1844 3022 ι

1019 3038 1100 3074 Sole,
1127 3038 1228 3076 itaque
1243 3043 1392 3075 punctum
1419 3037 1445 3066 F
1468 3035 1622 3067 invenitur
1636 3035 1738 3066 locum
1763 3033 1844 3065 Solis

1016 3091 1035 3110 a
1049 3080 1117 3110 loco
1138 3079 1250 3118 apsidis
1271 3078 1415 3115 tollendo,
1438 3078 1552 3109 residui
1573 3078 1606 3108 iu
1627 3075 1844 3117 consequentis

1017 3121 1148 3162 duplum
1163 3129 1208 3152 est
1222 3131 1310 3152 arcus
1326 3122 1356 3153 B
1375 3121 1401 3152 F
1402 3143 1410 3158 ,
1427 3127 1457 3153 et
1471 3121 1504 3152 id
1519 3118 1673 3152 residuum
1689 3127 1735 3151 est
1748 3128 1844 3159 argu-
