2072 3522
190 263 341 306 mez
360 260 602 316 Tannus]
669 261 990 304 PRINCIPIA
1019 260 1512 303 MATHEMATICA.
1823 264 1903 300 113

194 373 387 416 distantia.
421 378 514 430 (per
551 375 829 417 Corollarium
863 375 1066 431 superius)
1101 383 1163 416 est
1196 375 1250 416 ad
1281 374 1515 415 distantiam
1550 373 1679 414 centri
1713 371 1847 413 Lunae
1881 388 1907 413 a

193 445 404 487 communi
422 446 633 502 gravitatis
654 454 796 487 centro
817 446 963 487 Terrae
979 454 1024 503 'et
1045 446 1193 496 Lunae,
1215 454 1261 487 ut
1281 449 1434 489 40.788
1457 444 1511 485 ad
1531 449 1707 489 39.788:
1729 443 1906 499 ideoque

194 517 386 559 distantia
416 518 619 573 posterior
655 526 716 559 est
746 518 901 573 pedum
936 523 1230 561 1158268534.
1290 517 1346 558 Et
1378 515 1474 558 clim
1506 516 1628 557 Luna
1658 516 1903 566 revolvatur,

193 598 383 646 respectu
403 591 594 640 fixarum,
626 590 771 631 diebus
793 595 862 640 27,
883 589 996 631 horis
1018 595 1057 639 7,
1083 598 1124 630 et
1143 589 1311 630 minutis
1331 588 1474 643 primis
1495 588 1600 640 4333
1633 587 1745 628 sinus
1766 602 1906 630 versus

192 663 346 720 anguli,
379 677 502 718 quem
522 663 646 704 Luna
673 670 860 716 tempore
889 663 1037 703 minuti
1056 662 1178 703 unius
1197 662 1322 716 primi
1341 661 1549 711 describit,
1580 668 1641 702 est
1664 666 1903 712 12752341,

193 736 395 778 existente
427 734 544 776 radio
581 741 1081 785 1000,000000,000000.
1143 734 1199 775 Et
1227 742 1273 776 ut
1301 734 1440 775 radius
1471 742 1533 775 est
1561 733 1614 775 ad
1638 733 1750 774 hunc
1770 733 1906 775 sinum

190 823 370 858 versum,
403 807 461 849 ita.
481 815 576 848 sunt
594 807 721 861 pedes
746 813 1025 850 1158268534·
1059 807 1113 848 ad
1143 807 1271 862 pedes
1296 811 1578 851 14.7706353.
1638 805 1760 847 Luna
1779 806 1906 863 igitur

190 879 233 920 vi
261 877 344 929 illa,
377 876 458 934 qua
478 878 678 919 retinetur
697 878 741 918 in
763 878 876 928 orbe,
911 878 1098 919 cadendo
1117 879 1160 918 in
1181 878 1372 928 Terram,
1407 886 1595 933 tempore
1615 878 1763 919 minuti
1784 879 1905 919 unius

189 950 314 1006 primi
345 950 549 992 describet
581 951 707 1007 pedes
746 955 1028 995 14.7706353.
1093 950 1150 993 Et
1183 951 1374 1008 augendo
1409 951 1516 992 hanc
1551 951 1636 991 vim
1668 951 1711 992 in
1744 950 1906 992 ratione

194 1021 330 1076 1784&
364 1022 418 1063 ad
455 1026 507 1066 17
513 1021 603 1076 733,
638 1021 858 1062 habebitur
878 1021 938 1062 vis
959 1029 1046 1062 tota
1064 1022 1276 1078 gravitatis
1310 1022 1354 1062 in
1388 1022 1490 1063 orbe
1510 1021 1645 1063 Lunae
1664 1036 1742 1077 per
1764 1022 1904 1063 Corol.

193 1091 321 1146 Prop.
339 1091 422 1133 III.
475 1091 531 1132 Et
550 1091 628 1132 hac
647 1092 688 1132 vi
707 1092 831 1132 Luna
850 1091 1038 1133 cadendo
1053 1100 1238 1147 tempore
1258 1092 1406 1133 minuti
1425 1093 1548 1134 unius
1562 1079 1687 1148 primi
1702 1092 1906 1133 describet

188 1162 316 1216 pedes
340 1166 625 1205 14.8538067.
688 1162 745 1203 Et
764 1162 818 1203 ad
839 1163 1134 1220 sexagesimam
1154 1171 1313 1218 partem
1334 1163 1540 1205 distantiae
1564 1165 1700 1206 Lunae
1720 1180 1745 1205 a.
1765 1172 1906 1205 centro

190 1233 358 1284 Terrae,-
386 1233 430 1275 id
460 1243 521 1275 est
546 1234 600 1275 ad
630 1234 864 1275 distantiam
883 1235 1042 1290 pedum
1064 1240 1316 1280 197896573
1347 1252 1373 1277 a
1400 1246 1543 1278 centro
1563 1238 1722 1288 Terrae,
1755 1253 1905 1293 corpus

190 1320 319 1362 grave
357 1313 543 1361 tempore
580 1307 731 1348 minuti
770 1307 892 1348 unius
933 1307 1103 1349 secundi
1143 1309 1334 1350 cadendo
1375 1309 1580 1352 describet
1618 1312 1740 1353 etiam
1777 1312 1906 1366 pedes

138 1376 142 1380 ⁴
192 1383 475 1423 14.8538067.
494 1400 500 1404 -
538 1379 723 1435 Ideoque
743 1379 797 1420 ad
813 1379 1054 1421 distantiam
1080 1380 1236 1435 pedum
1259 1387 1497 1432 19615800,
1529 1397 1622 1438 quae
1642 1392 1737 1425 sunt
1757 1384 1905 1425 Terrae

188 1449 510 1493 semi-diameter
537 1450 771 1501 mediocris,
807 1465 934 1507 grave
963 1451 1149 1492 cadendo
1179 1451 1384 1494 describet
1411 1453 1538 1508 pedes
1572 1459 1798 1504 15.11175,
1832 1469 1904 1496 seu

186 1520 316 1575 pedes
339 1526 405 1571 15,
429 1520 514 1577 dig.
539 1527 576 1570 1,
608 1529 650 1562 et
676 1521 748 1562 lin.
769 1522 862 1573 41³s·
925 1521 1013 1563 Hie
1038 1522 1116 1563 erit
1134 1522 1354 1564 descensus
1385 1538 1606 1578 corporum
1627 1524 1669 1565 in
1689 1524 1906 1567 latitudine

186 1593 395 1649 graduum
421 1599 509 1645 45.ι
547 1593 613 1648 ⁴Et
644 1608 720 1649 per
740 1593 923 1635 tabulam
941 1594 1246 1649 praecedentem
1279 1595 1324 1636 in
1357 1595 1483 1650 Prop.
1507 1596 1616 1639 XX.
1641 1597 1902 1652 descriptam,

188 1665 411 1706 descensus
446 1665 524 1706 erit
555 1664 682 1719 paulo
715 1665 847 1720 major
876 1665 919 1705 in
951 1665 1170 1706 latitudine
1202 1665 1381 1707 Lutetiae
1416 1667 1670 1707 Parisiorum
1702 1668 1904 1710 existente

189 1753 360 1779 excessu
391 1737 507 1793 quasi
538 1737 566 1791 {-
598 1737 778 1792 partium
810 1737 945 1779 lineae.
1020 1738 1177 1780 Gravia
1207 1738 1334 1794 igitur
1364 1753 1441 1793 per
1471 1738 1553 1779 hoc
1584 1748 1826 1794 computum
1860 1741 1904 1780 in

204 1809 406 1850 atitudine
435 1808 614 1850 Lutetiae
643 1809 832 1850 cadendo
865 1809 909 1850 in
943 1824 1077 1853 vacuo?
1102 1810 1338 1852 describent
1366 1818 1554 1866 tempore
1581 1813 1704 1854 unius
1734 1813 1904 1854 secundi

183 1879 312 1935 pedes
337 1879 590 1921 Parisienses
614 1885 680 1929 15,
703 1880 787 1936 dig.
813 1885 849 1929 1,
872 1888 914 1921 et
932 1880 1004 1921 lin.
1027 1881 1108 1934 43⁷}
1128 1881 1302 1922 circiter.
1354 1882 1411 1923 Et
1431 1882 1465 1923 si
1484 1882 1664 1939 gravitas
1693 1884 1904 1926 minuatur

185 1950 412 1992 auferendo
446 1950 531 1991 vim
565 1949 852 2007 centrifugam,
887 1966 982 2007 quae
1016 1952 1148 1993 oritur
1180 1967 1206 1994 a
1239 1960 1356 1994 motu
1389 1952 1540 1994 diurno
1575 1953 1722 1994 Terrae
1756 1955 1800 1995 in
1834 1955 1903 1996 illa

184 2022 416 2072 latitudine,
451 2021 593 2078 gravia
626 2022 686 2063 ibi
720 2022 910 2064 cadendo
929 2023 1164 2065 describent
1194 2032 1380 2080 tempore
1399 2025 1548 2068 minuti
1579 2027 1702 2068 unius
1733 2028 1903 2069 secundi

183 2094 312 2149 pedes
336 2100 403 2144 15,
425 2094 509 2151 dig.
534 2099 572 2144 1,
594 2101 635 2135 et
653 2094 725 2137 lin.
751 2098 816 2148 11}-
876 2095 934 2137 Et
950 2095 1030 2137 hac
1049 2096 1264 2138 velocitate
1284 2098 1428 2154 gravia
1456 2098 1604 2139 cadere
1623 2099 1667 2139 in
1686 2099 1903 2141 latitudine

189 2166 369 2208 Lutetiae
390 2181 517 2221 supra
536 2173 748 2207 ostensum
768 2174 830 2208 est
849 2167 903 2208 ad
925 2168 1053 2223 Prop.
1076 2169 1152 2210 IV.
1174 2178 1216 2210 et
1236 2169 1369 2211 XIX.

242 2240 373 2281 Corol.
406 2246 446 2281 8.
505 2239 716 2282 Distantia
734 2239 953 2281 mediocris
984 2248 1218 2283 centrorum
1240 2241 1386 2282 Terrae
1417 2250 1459 2283 et
1487 2242 1623 2283 Lunae
1651 2243 1695 2284 in
1726 2245 1902 2301 syzygiis

186 2312 321 2354 Lunae
342 2321 404 2354 est
424 2313 640 2370 sexaginta
659 2313 1076 2355 semi—diametrorum
1096 2314 1373 2354 maximarum
1394 2314 1554 2364 Terrae,
1592 2314 1759 2370 dempta
1779 2318 1903 2359 trice-

183 2383 286 2425 sima
317 2392 437 2439 parte
471 2385 784 2427 semi-diametri
818 2385 992 2427 circiter.
1053 2386 1110 2427 Et
1148 2386 1191 2427 in
1231 2387 1493 2443 quadraturis
1532 2388 1668 2430 Lunae
1707 2389 1900 2432 distantia

182 2455 404 2497 mediocris
424 2455 652 2496 eorundem
681 2464 918 2497 centrorum
938 2463 1000 2497 est
1020 2459 1103 2512 60355
1123 2457 1538 2499 semi-diametrorum
1567 2458 1728 2501 Terrae.
1790 2460 1901 2502 Nam

182 2525 250 2567 hae
270 2525 366 2567 duae
386 2526 593 2567 distantiae
614 2534 710 2568 sunt
739 2527 794 2568 ad
824 2526 1062 2568 distantiam
1081 2527 1333 2569 mediocrem
1354 2528 1488 2569 Lunae
1518 2529 1562 2570 in
1592 2529 1823 2571 octantibus
1853 2539 1900 2573 ut

185 2601 240 2637 69
261 2604 302 2637 et
322 2601 376 2640 70
397 2596 451 2637 ad
471 2599 551 2649 693
574 2611 649 2651 per
671 2597 797 2651 Prop.
821 2597 1043 2638 XXVIII.

243 2666 373 2707 Corol.
396 2673 434 2708 9.
495 2667 706 2708 Distantia
724 2667 944 2708 mediocris
964 2676 1201 2710 centrorum
1223 2670 1368 2711 Terrae
1403 2678 1443 2711 et
1478 2670 1612 2712 Lunae
1645 2672 1688 2712 in
1724 2673 1898 2729 syzygiis

186 2735 321 2776 Lunae
355 2744 417 2777 est
448 2736 662 2793 sexaginta
696 2735 1114 2780 semi-diametrbrum
1147 2740 1418 2782 mediocrium
1439 2741 1586 2782 Terrae
1614 2757 1710 2783 cum
1738 2743 1897 2786 decima

183 2813 302 2859 parte
322 2805 644 2848 semi-diametri.
708 2807 766 2849 Et
783 2807 827 2847 in
848 2808 1108 2865 quadraturis
1130 2810 1266 2853 Lunae
1285 2812 1478 2853 distantia
1505 2813 1724 2854 mediocris
1745 2829 1897 2856 eorun-

184 2877 281 2918 dem
315 2886 551 2920 centrorum
589 2888 651 2921 est
689 2881 904 2937 sexaginta
937 2889 979 2922 et
1012 2882 1134 2923 unius
1173 2884 1589 2926 semi-diametrorum
1627 2886 1897 2929 mediocrium

186 2947 344 2999 Terrae,
367 2948 532 3004 dempta
553 2950 758 2993 tricesima
779 2960 896 3006 parte
917 2952 1241 2996 semi-diametri.

1007 3160 1077 3190 114

2002 438 2023 445 -
