2072 3522
204 244 289 284 200
606 238 1060 284 PHILOSOPHIAE
1090 213 1454 283 NATURALIS
1497 238 1592 291 [Dm
1609 238 1772 282 Mun».
1789 240 1916 283 Srsr.

261 354 352 397 Hic
378 354 517 396 omnia
546 355 655 411 regit
681 369 768 396 non
796 362 844 396 ut
873 354 1011 396 anima
1029 353 1189 405 mundi,
1220 353 1294 399 sed
1324 362 1371 396 ut
1397 353 1687 396 universorum
1706 354 1915 398 dominus.

209 425 266 469 Et
297 436 470 483 propter
503 426 733 470 dominium
764 442 899 478 suum,
936 426 1130 469 dominus
1163 426 1266 468 deus
1301 427 1363 482 (*)
1401 429 1647 482 Παντοκράτωρ
1681 426 1765 469 dici
1795 427 1919 470 noh.-

205 497 317 540 Nam
346 498 447 540 deus
477 505 541 540 est
568 513 652 540 vox
669 497 841 541 relativa
860 505 900 540 et
921 497 976 539 ad
994 512 1136 539 servos
1154 497 1360 544 refertum
1387 504 1432 540 et
1456 496 1591 541 deitas
1606 504 1673 540 est
1687 497 1921 542 domnina&

202 569 284 621 dei,
306 584 393 612 non
412 570 456 611 in
475 584 626 626 corpus
648 569 881 637 proprium,
910 568 976 611 uti
1001 568 1188 612 sentium
1204 568 1354 625 quibus
1374 567 1477 611 deus
1496 575 1561 611 est
1588 568 1731 611 anam·
1752 570 1917 622 unffi,
1977 590 1982 594 ·

203 640 277 682 sed
305 640 352 682 in
380 654 534 684 servos.
592 638 926 701 Demssmnmus
945 647 1008 682 est
1026 654 1103 682 ens
1119 647 1340 691 aeternmn,
1363 639 1590 691 izffixfitim,
1615 640 1802 684 absolun}
1818 656 1916 698 per-

201 711 383 754 fecmm:
409 712 486 755 sed
506 727 580 755 ens
599 720 813 768 utcunque
838 710 1069 767 perfectum
1088 710 1176 754 sine
1195 711 1382 754 dominio
1399 725 1486 753 11011
1504 719 1567 753 est
1586 711 1778 755 dominus
1798 713 1912 756 deus.

205 782 402 828 Dicimus
414 785 642 828 enim-deus
657 799 788 836 meus,
810 783 912 826 deus
927 791 1075 835 vester,
1092 783 1193 826 deus
1207 783 1386 835 Israelis,
1403 782 1506 825 deus
1526 782 1714 835 deorum,
1728 791 1771 827 et
1781 785 1915 828 domi-

201 871 281 899 nus
299 858 591 914 dominorum:
620 857 694 899 sed
713 871 799 898 non
818 857 996 899 dicimus
1015 864 1195 900 aeternus
1214 871 1344 908 meus,
1366 864 1546 899 aeternus
1566 864 1715 908 vester,
1734 865 1914 900 aeternus

206 928 386 983 Israelis,
419 939 599 973 aeternus
634 929 807 972 deorum
823 945 834 980 ;
884 944 971 972 non
1002 929 1177 972 dicimus
1207 929 1394 972 infinitus
1431 943 1563 980 meuS,
1603 927 1670 971 vel
1707 929 1915 985 perfectus

199 1017 329 1045 meus·
390 1004 478 1045 Hae
506 1003 803 1059 appellationes
833 1003 1075 1046 relationem
1103 1017 1189 1045 non
1218 1003 1374 1045 habent
1401 1002 1456 1045 ad
1475 1017 1628 1046 servos.
1689 1003 1787 1046 Vox
1812 1003 1919 1046 deus>

198 1077 355 1131 passim
369 1076 427 1131 (†)
442 1076 650 1133 significat
669 1076 910 1119 dominum:
944 1075 1017 1118 sed
1037 1076 1171 1118 omnis
1191 1075 1385 1118 dominus
1403 1090 1490 1117 non
1509 1083 1572 1118 est
1590 1074 1704 1117 deus.
1763 1075 1916 1118 Domi-

199 1147 313 1189 natio
334 1146 439 1189 entis
459 1147 682 1203 spiritualis
702 1147 828 1190 deum
850 1147 1075 1198 constituit,
1097 1161 1196 1189 vera
1214 1161 1372 1198 verum,
1395 1160 1558 1188 summa
1575 1161 1796 1198 summum,
1817 1146 1918 1189 fieta

199 1217 356 1261 fictum.
399 1217 457 1260 Et
476 1233 530 1261 ex
542 1218 826 1261 dominatione
843 1217 940 1260 vera
961 1218 1148 1274 sequitur
1168 1217 1293 1260 deum
1311 1231 1456 1259 verum
1475 1231 1566 1259 esse
1582 1217 1736 1268 vivum,
1763 1216 1917 1259 intelli-

198 1298 367 1347 gentem
386 1297 427 1332 et
447 1297 684 1345 potentem3
715 1302 769 1331 ex
788 1289 957 1346 reliquis
974 1288 1298 1344 perfectionibus
1318 1301 1526 1329 summum
1546 1302 1648 1338 esse,
1669 1286 1736 1329 vel
1754 1287 1916 1331 summe

197 1360 439 1416 perfectum.
499 1359 702 1402 AEternus
732 1368 795 1402 est
825 1368 867 1402 et
893 1360 1093 1410 infinitus,
1125 1359 1386 1414 omnipotens
1415 1366 1457 1400 et
1483 1358 1744 1412 omnisciens,
1773 1358 1819 1400 id
1837 1365 1913 1410 est,

199 1433 322 1475 durat
354 1433 407 1475 ab
436 1443 595 1476 aeterno
624 1433 669 1474 111
697 1440 915 1484 aeternum,
947 1441 989 1475 et
1016 1433 1134 1476 adest
1161 1433 1216 1475 ab
1245 1432 1409 1475 infinito
1437 1432 1482 1473 in
1510 1428 1746 1475 infinitum:
1777 1431 1918 1474 omnia

201 1503 321 1560 regit,
345 1510 386 1545 et
405 1504 545 1545 omnia
563 1504 790 1561 cognoscit,
812 1518 908 1559 quae
927 1503 1035 1545 fiunt
1052 1511 1125 1545 aut
1143 1502 1236 1544 fieri
1261 1510 1448 1558 possunt.
1507 1503 1608 1545 Non
1627 1510 1690 1544 est
1707 1503 1917 1545 aeternitas

200 1584 241 1618 et
259 1575 456 1628 infinitas,
479 1576 553 1619 sed
572 1584 753 1618 aeternus
772 1584 813 1618 et
833 1576 1044 1627 infinitus3
1065 1591 1152 1617 non
1172 1584 1235 1618 est
1253 1576 1417 1618 duratio
1436 1584 1478 1618 et
1497 1576 1688 1631 spatium,
1706 1575 1779 1619 sed
1793 1575 1918 1619 durat

200 1649 389 1692 et'adest.
448 1649 589 1691 Durat
609 1664 783 1705 semper,
807 1657 849 1692 et
868 1649 985 1691 adest
1005 1648 1171 1705 ubique,
1193 1656 1235 1691 et
1254 1648 1470 1691 existendo
1490 1663 1653 1704 semper
1678 1656 1721 1690 et
1746 1648 1915 1704 ubique,

200 1720 462 1769 durationem
491 1714 534 1763 et
563 1721 742 1777 spatium
773 1722 999 1763 constituit.
1062 1719 1172 1762 Cum
1200 1736 1459 1777 unaquaeque
1487 1707 1609 1776 spatii
1636 1721 1839 1776 particula
1864 1720 1918 1764 sit
1970 1716 1973 1724 ¹

199 1806 363 1846 semper,
397 1800 440 1833 et
467 1792 795 1848 unumquodque
815 1791 1045 1832 durationis
1074 1790 1322 1832 indivisibile
1342 1798 1598 1832 momentum
1618 1792 1771 1846 ubique,
1803 1790 1916 1834 certe

200 1877 342 1904 rerum
361 1862 546 1904 omnium
566 1862 789 1903 fabricator
809 1876 857 1903 ac
879 1861 1072 1903 dominus
1092 1875 1178 1902 non
1198 1862 1276 1902 erit
1290 1876 1501 1916 nunquam,
1519 1876 1722 1917 nusquam.
1764 1861 1916 1905 Omnis

201 1937 355 1978 anima.
374 1934 554 1976 sentiens
586 1934 760 1975 diversis
789 1933 1059 1988 temporibus,
1091 1939 1133 1974 et
1160 1932 1204 1973 in
1233 1932 1404 1974 diversis
1430 1946 1638 1983 sensuum,
1669 1941 1710 1975 et
1728 1941 1918 1976 motuum

201 2007 368 2065 organis
403 2005 550 2048 eadem
585 2013 647 2047 est
676 2019 855 2061 persona
885 2003 1159 2045 indivisibilis.
1234 2002 1379 2045 Partes
1413 2002 1566 2045 dantur
1597 2004 1845 2046 successivae
1870 2004 1938 2047 in.

202 2079 434 2128 duratione,
451 2077 743 2120 co-existentes
765 2077 808 2117 in
826 2076 971 2132 spatio,
987 2083 1147 2117 neutrae
1166 2075 1210 2116 in
1228 2089 1407 2131 persona
1425 2074 1605 2116 hominis
1619 2089 1692 2116 seu
1711 2075 1917 2131 principio

202 2153 290 2209 ejus
330 2151 560 2213 cogitante3
607 2158 647 2192 et
684 2149 817 2191 multo
855 2147 993 2191 minus
1031 2148 1077 2190 in
1109 2146 1338 2190 substantia
1370 2147 1577 2204 cogitante
1611 2146 1692 2189 dei.
1765 2146 1918 2189 Omnis

202 2225 344 2275 homo,
378 2213 581 2281 quatenus
601 2238 667 2266 res
689 2223 882 2274 sentiens,
913 2230 977 2264 est
995 2236 1104 2264 unus
1124 2228 1166 2264 et
1192 2221 1304 2263 idem
1322 2219 1450 2262 homo
1469 2221 1647 2267 durante
1665 2219 1748 2263 vita
1768 2212 1856 2263 susi¹
1872 2220 1915 2261 in

203 2298 396 2339 omnibus
417 2305 459 2340 et
478 2297 651 2355 singulis
672 2310 869 2339 sensuum
889 2295 1068 2353 organis.
1133 2295 1248 2338 Deus
1267 2301 1331 2336 est
1350 2308 1458 2336 unus
1485 2301 1527 2335 et
1554 2293 1665 2335 idem
1685 2293 1788 2336 deus
1809 2307 1916 2335 sem-

202 2386 279 2427 per
300 2379 341 2413 et
360 2371 527 2428 ubique.
590 2370 902 2425 Omnipraesens
924 2377 986 2410 est
1005 2383 1092 2409 11011
1120 2381 1196 2423 per
1215 2369 1399 2410 virtutem
1419 2366 1563 2417 solam,
1596 2366 1669 2408 sed
1689 2366 1812 2408 etiam
1840 2379 1918 2421 per

204 2442 462 2484 substantiam
478 2460 491 2483 .-
521 2456 619 2483 nam
650 2441 779 2483 virtus
809 2441 897 2482 sine
925 2438 1153 2481 substantia
1184 2438 1406 2480 subsistere
1425 2451 1509 2478 non
1539 2444 1688 2492 potest.
1748 2437 1800 2479 111
1825 2436 1916 2491 ipso

208 2514 268 2570 (ss)
302 2515 565 2557 continentur
595 2522 636 2556 et
664 2521 885 2555 moventur
913 2512 1119 2563 universa,
1151 2511 1224 2553 sed
1249 2510 1336 2552 sine
1356 2508 1500 2558 mutua
1530 2508 1735 2565 passione.
1795 2508 1917 2550 Deus

251 2643 361 2687 (*)1·d
375 2649 421 2675 est
435 2644 601 2682 imperator
615 2640 803 2672 universalis.
1089 2638 1299 2678 Anaxagoras,
1324 2635 1486 2677 Virgilius,
1514 2633 1657 2674 Georgic-
1688 2632 1759 2682 Lib.
1793 2631 1855 2663 lv.
1883 2641 1915 2664 v.

250 2689 300 2729 (†)
320 2686 476 2718 Pocokius
497 2692 599 2716 noster
615 2694 721 2715 vocem
735 2685 783 2714 dei
798 2682 923 2714 deducit
936 2691 956 2713 a
969 2691 1043 2712 voce
1086 2684 1158 2711 220.
1178 2686 1209 2710 et
1224 2678 1351 2711 AEneid.
1371 2679 1441 2708 Lib.
1458 2677 1518 2708 VI.
1532 2687 1561 2708 v.
1575 2678 1646 2725 72].
1663 2674 1757 2705 Philo
1775 2674 1916 2715 Allegor·
1936 2682 1938 2685 ·

209 2728 345 2761 Arabica
358 2731 412 2767 du,
445 2735 476 2759 et
490 2728 523 2758 in
534 2738 607 2758 casu
618 2727 722 2767 aliquo
732 2725 788 2766 di.)
800 2735 870 2766 quae
882 2724 1043 2755 dominum
1087 2723 1158 2754 Lib.
1187 2723 1214 2754 Ι.
1242 2723 1299 2752 sub
1323 2720 1421 2751 initio.
1471 2721 1587 2750 Aratus
1607 2728 1641 2748 111
1670 2717 1830 2748 Phaenom.
1859 2718 1918 2747 sub

204 2772 367 2813 significat.
430 2731 476 2802 {A
506 2771 565 2801 hoc
593 2780 686 2800 sensu
714 2768 868 2808 principes
893 2773 1042 2798 vocantur
1083 2766 1182 2796 initio.
1231 2765 1281 2795 Ita
1302 2764 1394 2794 etiam
1416 2762 1575 2802 scriptores
1589 2760 1676 2810 sacri,
1697 2767 1734 2790 ut
1751 2759 1870 2790 Paulus
1884 2758 1919 2789 111

205 2817 257 2851 dii,
276 2814 357 2845 Psal.
378 2822 503 2845 mxxxiv.
521 2817 551 2844 6.
569 2818 600 2843 et
614 2812 707 2844 Joan.
723 2821 753 2842 x.
772 2813 825 2842 45.
874 2810 919 2840 Et
937 2811 1043 2840 Moses
1086 2811 1158 2839 Act.
1177 2817 1254 2838 xvn-
1272 2809 1323 2838 27.
1342 2809 1393 2837 28.
1443 2805 1602 2837 ,Iohannes
1615 2813 1650 2834 m
1666 2803 1787 2851 Evnng,
1807 2811 1869 2832 xxv-
1889 2805 1918 2833 2.

205 2858 318 2888 dicitur
332 2859 406 2888 deus
420 2856 522 2887 fratris
539 2856 656 2892 Aaron,
672 2859 703 2884 et
717 2856 790 2885 deus
805 2852 886 2893 regis
899 2852 1041 2883 Pharaoh
1087 2851 1195 2882 Moses
1216 2850 1251 2880 in
1278 2850 1374 2880 Deut.
1393 2858 1434 2878 xv.
1452 2850 1503 2879 39.
1523 2852 1554 2877 et
1576 2856 1605 2876 x.
1625 2850 1657 2876 4.
1704 2844 1808 2876 Davnd
1834 2843 1917 2877 Paul.

207 2899 326 2941 (Exod.
342 2910 382 2929 ιν.
406 2903 452 2930 16.
471 2904 503 2929 et
518 2907 571 2928 vu.
588 2898 640 2936 1.).
683 2896 729 2927 Et
743 2895 852 2926 eodem
867 2905 958 2925 sensu
973 2894 1039 2925 ani-
1082 2902 1206 2924 cxxxxx.
1230 2897 1259 2924 7.
1279 2896 1308 2923 8.
1329 2896 1358 2924 9.
1390 2890 1536 2921 Salomon
1554 2892 1566 2919 1
1585 2889 1668 2938 fleg.
1686 2897 1756 2918 vm.
1774 2890 1824 2919 27.
1842 2886 1916 2918 Job.

205 2951 266 2972 mae
282 2942 454 2981 principum
465 2947 657 2971 mortuorum
670 2937 939 2979 olimagentibus
949 2947 1038 2967 voca-
1082 2946 1159 2967 xxn.
1198 2938 1243 2965 12.
1280 2938 1329 2965 18.
1364 2937 1413 2964 14.
1474 2931 1628 2963 Jeremias
1656 2940 1746 2961 xxm.
1779 2933 1830 2960 23.
1864 2932 1914 2959 2⁴.

205 2985 319 3014 bantur
333 2984 387 3020 dii,
410 2983 463 3013 sed
478 2983 557 3014 falso
578 2988 701 3022 propter
722 2981 877 3012 defectum
897 2979 1036 3010 dominii.
1090 2978 1263 3018 Fingebam
1285 2982 1387 3007 autem
1410 2974 1579 3005 idololatrae
1596 2973 1711 3023 Solem,
1736 2971 1871 3020 Lunam,
1888 2977 1921 3002 et

211 3026 314 3068 (Nota
331 3025 488 3062 Amoris.)
1089 3027 1178 3056 astra,
1204 3019 1323 3049 animas
1346 3018 1510 3048 hominum
1533 3023 1565 3047 et
1589 3016 1664 3066 alias
1686 3014 1795 3045 mundi
1820 3021 1923 3053 pane·

251 3068 362 3110 (.‡)1ta
378 3068 547 3098 sentiebant
564 3073 687 3103 veteres,
710 3072 746 3096 ut
758 3064 949 3105 Pythagoras
963 3058 1055 3102 apud'
1089 3073 1154 3093 esse
1177 3068 1278 3102 partes
1303 3061 1366 3092 Dei
1391 3059 1515 3096 summi,
1540 3065 1572 3091 et
1592 3058 1662 3090 ideo
1689 3057 1842 3094 colendas,
1868 3054 1923 3087 sed

212 3111 403 3147 Ciceronem,
421 3111 459 3141 de
477 3108 599 3140 Natura
616 3110 766 3146 Deorum,
787 3107 858 3139 Lib.
875 3107 904 3138 1.
922 3107 1044 3143 Thales,
1088 3103 1175 3136 falso.
1224 3104 1325 3147 (Now.
1341 3101 1515 3142 Auctoris)
