2072 3522
180 1678 184 1698 ὶ

218 277 302 316 150
600 269 1054 315 PHILOSOPHIAE
1085 268 1449 314 NATURALIS
1503 271 1603 324 [DE
1625 269 1787 315 Mum».
1810 273 1933 316 sm.
1977 261 1981 266 ‘

219 389 251 431 S
269 404 299 436 μ
324 393 367 437 -1-
393 389 416 442 ¹}
434 387 450 428 i
470 390 507 427 λ.
566 386 736 429 Deinde
755 387 799 428 in
821 385 874 429 M
897 386 939 428 N
958 399 1101 428 versus
1122 383 1166 426 N
1185 384 1371 441 capiatur
1402 384 1455 427 M
1476 384 1527 437 P,
1556 400 1651 443 quae
1674 386 1731 428 sit
1758 386 1813 428 ad
1839 387 1935 429 lon-

215 459 446 518 gitudinem
465 473 591 515 supra
608 459 818 502 inventam
840 459 900 510 X,
931 458 976 500 in
1003 457 1290 513 subduplicatfi
1310 457 1469 500 ratione
1487 457 1711 502 mediocris
1730 458 1936 502 distantiae

223 1316 404 1370 Telluris
439 1343 464 1370 a
501 1326 612 1371 Sole*
630 1330 723 1383 (seu
762 1327 1074 1370 semi-diametri
1108 1327 1220 1370 orbis
1253 1330 1411 1387 magni)
1444 1331 1498 1373 ad
1532 1328 1768 1373 distantiam
1799 1331 1842 1376 O
1876 1333 1937 1376 D.

226 1400 272 1443 Si
310 1406 512 1455 punctum
546 1398 583 1441 P
614 1397 770 1441 incidat
801 1398 846 1439 in
879 1406 1084 1453 punctum
1119 1398 1175 1453 N,
1199 1398 1246 1454 (²)
1286 1409 1408 1443 erunt
1449 1402 1503 1453 A,
1548 1402 1598 1453 B,
1642 1399 1683 1444 Cv
1732 1403 1812 1445 tria
1848 1404 1942 1448 loca

223 1476 409 1520 cometae,
463 1483 538 1524 per
589 1482 683 1525 quae
735 1468 847 1510 orbis
898 1469 985 1524 ejus
1036 1468 1081 1511 in
1135 1469 1261 1524 plano
1318 1471 1519 1527 eclipticae
1573 1473 1752 1517 describi
1801 1475 1939 1518 debet.

221 1604 329 1630 mento
349 1598 447 1638 ipsius
466 1611 491 1637 μ
508 1597 539 1635 S,
561 1597 642 1628 inter
660 1596 806 1628 verticem
826 1609 851 1636 μ
867 1602 899 1628 et
915 1595 1064 1627 chordam

229 1643 260 1673 A
292 1642 319 1673 C
354 1642 535 1679 intercepto,
565 1650 602 1671 ac
629 1639 759 1679 proinde
787 1645 927 1679 aequatur
954 1648 1066 1679 quam-

225 1682 365 1726 proxim&
388 1683 448 1723 ipsi
473 1683 503 1714 B
526 1683 557 1713 E
583 1688 744 1725 segmento
764 1688 857 1712 rectae
884 1682 913 1711 B
934 1682 961 1719 ξ,
985 1680 1066 1711 inter

224 1732 379 1767 punctum
400 1726 430 1756 B
451 1725 510 1766 ipsi
531 1738 556 1764 μ
577 1724 755 1764 proximum
771 1730 803 1753 et
816 1723 963 1753 chordam
988 1724 1018 1753 A
1038 1723 1066 1754 C

225 1769 454 1808 comprehenso.
502 1766 597 1798 Unde
610 1771 765 1805 punctum
783 1765 814 1796 E
836 1771 883 1795 est
896 1765 931 1794 in
946 1764 1064 1795 chorda

227 1812 261 1844 A
273 1811 300 1842 C
314 1810 414 1851 magis
427 1815 568 1841 accurate
582 1807 677 1849 quam
692 1807 792 1845 antea,
809 1808 867 1838 hoc
882 1813 937 1844 est,
948 1807 1067 1838 chorda

227 1853 316 1885 arcfis
344 1852 399 1893 qui
434 1858 481 1883 est
509 1850 673 1891 vestigium
708 1849 858 1889 portionis
885 1849 1069 1891 trajecten-im

229 1895 386 1927 cometicae
403 1895 437 1924 in
456 1894 550 1933 plano
571 1893 730 1932 eclipticae,
757 1892 838 1922 inter
857 1891 1070 1932 longitudines

229 1939 261 1970 T
278 1940 319 1975 A,
344 1937 374 1969 T
392 1937 419 1968 C
441 1937 627 1975 interceptae,
651 1945 706 1974 per
725 1941 877 1974 punctum
901 1934 932 1964 E
954 1932 1070 1964 ultimo

226 1981 390 2014 inventum
411 1979 520 2010 transit
540 1976 783 2018 quamproximo.
832 1975 933 2008 Porro
954 1975 1071 2007 chorda

229 2023 376 2064 praedicta
395 2032 451 2062 por
471 2022 503 2053 E
524 2020 666 2052 traducta
686 2020 765 2050 inter
788 2019 818 2050 T
838 2019 880 2056 A,
907 2019 937 2050 T
960 2019 996 2055 C,
1025 2016 1071 2050 ἰαὶ

228 2065 324 2098 locari
343 2064 435 2097 debet
454 2069 492 2096 ut
515 2064 547 2094 A
564 2063 595 2093 E
617 2062 657 2093 sit
673 2062 713 2093 ad
736 2062 766 2093 E
785 2062 823 2098 C,
845 2061 925 2092 sicut
945 2067 1072 2100 tempus

228 2118 294 2150 quo
308 2113 429 2139 cometa
443 2105 587 2137 describit
605 2104 755 2144 eclipticae
769 2113 877 2135 arcum
895 2104 977 2134 inter
1000 2103 1069 2135 lon-

230 2150 389 2192 gitudinoe
414 2149 445 2181 T
461 2149 493 2180 A
513 2155 545 2179 et
572 2154 587 2178 t
610 2148 650 2184 Β,
676 2147 716 2179 ad
737 2153 860 2186 tempus
879 2156 943 2186 quo
963 2154 1071 2176 arcum

230 2194 311 2225 inter
322 2199 335 2224 t
348 2193 377 2224 B
389 2199 421 2224 et
433 2192 463 2223 T
477 2192 503 2223 C
516 2190 659 2222 describit
671 2189 778 2231 (Lem.
795 2187 916 2227 vul.)
929 2187 983 2219 sed
998 2188 1028 2218 A
1043 2187 1070 2221 C

229 2235 276 2268 ita
290 2238 367 2277 (per
390 2235 482 2266 Lem.
501 2233 626 2272 VIII.)
641 2238 710 2263 acta
723 2237 769 2262 est
787 2241 842 2270 per
864 2231 906 2268 E,
929 2236 967 2260 ut
990 2231 1022 2260 A
1039 2230 1070 2261 E

232 2278 273 2312 sit
291 2278 334 2310 ad
361 2278 391 2309 E
410 2279 436 2309 C
458 2277 492 2307 in
513 2274 623 2307 eisdem
637 2273 694 2305 illa
714 2274 842 2309 ratione,
863 2282 977 2312 nempe
991 2273 1072 2303 sicut

232 2327 356 2360 tempus
370 2321 450 2351 inter
464 2318 705 2351 observationem
720 2317 851 2356 primam
861 2321 893 2346 et
903 2314 1073 2347 secundam

231 2364 274 2396 ad
288 2369 412 2403 tempus
432 2363 513 2393 inter
526 2359 769 2392 observationem
783 2357 952 2389 secundam
967 2363 998 2388 et
1011 2363 1073 2388 ter-

233 2406 319 2437 tiam.
369 2404 468 2436 Recto
483 2404 579 2445 igitur
593 2409 662 2434 acta
675 2407 722 2433 est
737 2401 768 2432 A
787 2401 824 2437 C,
840 2410 895 2439 per
911 2400 941 2430 E
957 2399 1073 2431 scilicet

234 2448 387 2480 transiens
401 2454 434 2478 et
449 2447 545 2477 divisa
558 2446 591 2475 in
608 2445 639 2476 E
655 2451 690 2476 ut
703 2445 871 2484 oportebat,
894 2453 930 2473 ac
944 2441 1073 2482 proinde

234 2491 262 2521 si
275 2489 371 2521 modo
384 2496 536 2529 punctum
552 2489 591 2524 Β,
608 2486 690 2519 rect&
705 2486 799 2517 fuerit
810 2490 1001 2523 assumptum
1016 2494 1073 2524 pro

234 2539 365 2565 oometae
378 2533 508 2572 vestigio
522 2531 554 2562 in
570 2530 782 2562 observatione
796 2526 940 2563 secunda,
956 2532 1073 2566 puncta

236 2576 281 2612 A,
300 2575 328 2607 C
343 2581 417 2607 sunt
431 2573 569 2616 ejusdem
584 2572 712 2612 vestigia
725 2568 958 2612 quamproximo
973 2569 1008 2600 in
1018 2570 1073 2601 ob-

235 2617 460 2649 servationibus
474 2615 573 2656 prImss
587 2622 618 2646 et
632 2614 732 2646 tertia.

279 2659 323 2702 (¹)
340 2662 358 2681 ⁰
376 2661 485 2692 Erunt
501 2661 542 2696 A,
559 2661 600 2695 B,
618 2660 651 2690 C.
696 2657 841 2695 Superest
858 2654 923 2695 jam
945 2659 982 2684 ut
1002 2652 1072 2694 dig-

236 2708 382 2735 noscatur
406 2713 447 2734 an
470 2707 624 2741 punctum
646 2700 676 2732 B
697 2698 732 2731 in
752 2696 856 2729 media
878 2695 1074 2737 longitudine

235 2744 320 2777 rect&
342 2745 439 2776 fuerit
461 2749 656 2783 assumptum
681 2746 810 2773 cometae
831 2739 1008 2780 vestigium,
1038 2744 1075 2768 ut

235 2798 322 2819 error
336 2788 409 2819 hinc
423 2792 519 2823 ortus,
542 2786 567 2816 si
589 2785 659 2826 quis
672 2782 776 2821 fuerit,
798 2782 978 2822 corrigatur,
1002 2780 1074 2813 reli-

237 2830 317 2871 quis,
333 2840 404 2871 quae
417 2831 569 2861 hactenus
579 2828 660 2859 facta
670 2832 753 2863 sunt,
765 2824 972 2856 manentibus.
1006 2824 1075 2856 De—

237 2872 300 2904 leto
321 2874 422 2913 priore
443 2871 730 2912 parallelogrammo
758 2867 771 2898 i
794 2867 812 2898 1
828 2874 850 2897 λ
863 2880 896 2906 μ,
922 2866 962 2897 ad
994 2865 1075 2906 prio-

236 2925 303 2946 rem
328 2915 494 2955 minusque
517 2919 691 2944 accuratam
716 2909 862 2942 chordam
894 2910 920 2940 C
945 2910 976 2939 A
1000 2902 1074 2939 ebn-

235 2957 354 2994 mitum,
380 2957 570 2988 describatur
597 2955 730 2987 alterum
754 2951 795 2984 ad
823 2951 1022 2991 posteriorem
1044 2957 1076 2981 et

236 2999 459 3030 accuratiorem
486 2998 632 3030 chordam
671 2997 698 3028 C
725 2996 779 3034 A;
817 2993 927 3025 eadem
955 2992 1075 3025 adhibi-

238 3039 271 3072 ιὸ,
304 3042 530 3073 constructione
567 3047 603 3072 ut
633 3038 727 3079 prins.
790 3036 843 3069 Ex
875 3036 999 3076 punctis
1029 3035 1073 3073 A,

238 3084 269 3120 I,
288 3084 327 3120 C,
351 3084 508 3124 erigantur
530 3083 570 3114 ad
599 3082 625 3114 C
644 3083 674 3113 A
697 3079 849 3113 normales
873 3080 904 3109 A
923 3079 971 3115 M,
997 3078 1015 3109 1
1033 3078 1073 3112 Ο.

240 3126 269 3158 C
295 3126 337 3163 N,
360 3126 460 3166 sitque
485 3127 514 3156 A
534 3126 570 3156 M
594 3131 725 3165 tangens
746 3129 828 3154 notae
849 3121 1020 3152 latitudinis
1042 3120 1074 3150 in

239 3167 449 3199 observatione
463 3168 563 3207 prima
578 3167 616 3198 ud
632 3167 754 3197 radium
771 3166 799 3196 T
817 3164 859 3202 A,
875 3169 906 3194 et
922 3164 948 3195 C
960 3163 992 3194 N
1008 3169 1075 3193 mn-

2064 1976 2072 2016 .-Λ
2061 1256 2072 1961 &we—*ffl-
2054 1212 2072 1251 ’.Ἃ-
2070 1203 2072 1205 .
