2072 3522
137 259 288 321 Lumn
306 276 551 332 Tannum]
618 274 942 320 PRINCIPIA
971 269 1469 322 MATHEMATICA.

1777 272 1860 311 155

136 390 272 433 tudini
289 391 342 433 <V
360 399 393 442 t,
426 390 770 433 determinabitur
796 397 999 445 punctum
1026 386 1065 429 Β
1095 385 1210 443 quod
1237 382 1372 441 prima
1399 383 1488 424 vice
1519 394 1721 437 usurpare
1748 379 1858 420 licet.
1886 354 1887 357 Ἴ

138 465 190 521 (²)
223 463 338 507 Tum
371 462 486 506 recta
521 465 563 506 A
585 463 622 506 C
656 462 791 506 deleta
826 471 868 505 et
898 458 1132 505 'secundum
1170 456 1478 515 praecedentem
1509 452 1859 497 constructionem

139 1357 291 1395 iterum
310 1340 448 1404 ducta,
471 1360 513 1395 et
531 1351 698 1394 inventa
720 1351 890 1407 insuper
908 1350 1169 1408 longitudine
1191 1350 1244 1393 M
1266 1351 1326 1401 P;
1355 1350 1399 1391 in
1419 1357 1437 1392 t
1460 1350 1498 1392 B
1518 1349 1705 1404 capiatur
1732 1360 1866 1403 punc-

141 1433 231 1467 tum
250 1425 292 1476 b,
324 1439 348 1466 e
375 1424 481 1481 lege,
514 1431 561 1465 ut
581 1423 616 1465 si
637 1423 679 1464 T
699 1424 753 1474 A,
776 1441 797 1469 ,τ
819 1422 856 1464 C
876 1437 921 1464 se
939 1421 1085 1463 mutuo
1106 1422 1313 1463 secuerint
1337 1421 1380 1462 in
1401 1420 1457 1472 Y,
1490 1421 1542 1462 sit
1561 1419 1755 1461 distantia
1773 1418 1816 1459 Y
1836 1416 1867 1458 b

142 1497 196 1539 ad
227 1497 464 1539 distantiam
494 1482 537 1539 Y
558 1497 611 1548 B,
647 1497 690 1537 in
726 1496 887 1538 ratione
921 1494 1150 1550 composita
1178 1510 1232 1536 ex
1260 1495 1420 1536 ratione
1457 1493 1509 1535 M
1533 1493 1568 1534 P
1595 1492 1649 1534 ad
1680 1491 1733 1534 M
1753 1490 1797 1532 N
1826 1498 1875 1531 et-

141 1571 302 1613 ratione
333 1570 620 1626 subduplicatz‘i
653 1571 684 1612 S
706 1570 743 1612 B
773 1569 828 1611 ad
859 1570 889 1612 S
909 1569 950 1611 b.
1012 1568 1070 1610 Et
1089 1568 1234 1610 eadem
1254 1566 1454 1609 methodo
1474 1564 1769 1606 inveniendum
1789 1563 1868 1604 erit

142 1650 347 1696 punctum
377 1642 544 1683 tertium
571 1642 599 1691 β
625 1640 660 1682 si
688 1639 815 1682 modo
836 1640 1119 1695 operationem
1138 1637 1260 1680 tertio
1281 1645 1468 1693 repetere
1487 1637 1615 1678 lubet.

1675 1635 1761 1678 Sed
1788 1633 1869 1675 hac

142 1711 342 1755 methodo
363 1711 624 1768 operationes
643 1711 739 1752 duae
762 1721 807 1752 ut
824 1711 1053 1766 plurimum
1072 1709 1323 1752 suffecerint.
1385 1707 1497 1749 Nam
1517 1708 1553 1749 si
1573 1705 1765 1748 distantia
1786 1705 1824 1747 B
1838 1704 1869 1746 b

187 1827 237 1870 (Ζ)
254 1830 272 1847 ¹⁸
300 1829 384 1859 Tum
399 1825 484 1858 reclei
506 1828 539 1858 A
556 1828 589 1862 C,
612 1824 718 1857 deleta.
765 1825 981 1857 Detenninato

142 1875 259 1910 puncto
283 1870 323 1905 B,
346 1868 432 1910 quod
453 1869 553 1909 prima
575 1869 641 1911 vice
655 1869 727 1900 licet
739 1877 899 1908 usurpare,
921 1878 981 1899 cae-

142 1919 218 1949 tera,
233 1923 305 1953 quae
319 1911 464 1951 deinceps
477 1918 679 1942 assumuntur
691 1917 808 1950 puncta
822 1910 935 1950 nempe
948 1912 980 1948 b,

143 1959 174 1993 β,
201 1955 296 1986 aliam
317 1956 576 1985 constructionem
600 1953 767 1992 postulant.
815 1953 884 1983 Nec
909 1954 983 1983 satis

143 2003 191 2028 ost
204 1996 288 2038 quod
302 2003 456 2036 punctum
469 1998 499 2032 b,
516 2002 657 2027 sumatur
671 1996 797 2034 propius
810 2002 926 2034 puncto
939 1996 982 2032 Y,

145 2039 223 2071 dum
238 2039 321 2069 linea
338 2039 376 2069 M
394 2039 431 2074 P,
447 2039 550 2069 minor
564 2045 610 2069 est
623 2037 718 2079 quam
736 2038 767 2068 A
785 2037 812 2069 C
827 2038 876 2068 vel
893 2038 931 2068 M
948 2038 982 2068 N

146 2082 194 2124 (in
217 2081 272 2122 fig.
303 2081 425 2122 Newt.)
450 2087 482 2112 et
504 2080 620 2112 contui-
679 2080 741 2112 Sed
768 2080 841 2121 quia
869 2080 983 2111 ducere

144 2130 265 2164 oportet
278 2130 394 2155 rectam
411 2124 443 2155 A
462 2125 500 2159 C,
516 2135 587 2165 quae
601 2124 639 2154 sit
653 2123 779 2164 aequalis
793 2122 983 2164 longitudini

147 2168 186 2198 Μ
202 2167 239 2204 Ρ,
255 2167 395 2206 capiatur
408 2167 442 2198 in
454 2172 468 2198 t
485 2167 526 2203 Β,
542 2173 694 2205 punctum
708 2167 740 2204 b,
755 2165 791 2196 ei
809 2166 880 2206 lege
893 2173 930 2195 ut
943 2166 983 2197 sit

147 2209 293 2240 distantia
316 2209 347 2240 Y
360 2211 390 2246 b,
417 2209 458 2240 ad
480 2209 656 2240 distantiam
683 2209 713 2240 Y
741 2208 781 2245 B,
807 2208 840 2238 in
860 2208 983 2238 ratione

146 2251 523 2334 ἓιῖἓέρῗῗῖὲὲἐὲοἶὲ
539 2252 626 2325 ἶὲιῖ
646 2250 984 2325 ’ἓιᾼῃὲωῗυῗὲἒῑί

145 2343 232 2377 patet
259 2347 316 2368 cur
343 2337 428 2377 prior
454 2337 534 2368 ratio
562 2346 752 2376 compone-s
779 2335 983 2373 adhibeatur;

146 2379 222 2410 cum
235 2379 318 2410 enim
333 2380 518 2420 invenienda
531 2380 571 2411 sit
593 2382 623 2410 A
641 2380 679 2416 C,
700 2390 772 2420 quae
786 2379 826 2409 sit
845 2379 985 2419 longitu-

146 2421 213 2453 dini
231 2423 268 2453 M
281 2422 310 2453 P
324 2423 458 2462 aequalis,
471 2423 496 2453 si
511 2422 565 2453 illa
577 2421 636 2453 hac
647 2422 687 2452 sit
699 2423 797 2463 major
807 2427 862 2452 aut
870 2422 982 2458 minor,

146 2465 318 2496 minuenda
332 2465 390 2495 erit
411 2465 459 2495 vel
479 2465 622 2506 augenda
635 2464 733 2495 donec
748 2463 881 2505 aequales
895 2463 982 2500 fiant,

147 2514 343 2548 aequarentur
356 2513 461 2538 autem
475 2518 530 2547 per
543 2507 640 2538 solam
654 2507 786 2547 priorem
797 2506 945 2537 rationem
957 2506 984 2535 si

148 2549 189 2580 -M
206 2550 234 2580 P
255 2550 335 2581 foret
355 2557 508 2581 constans.
558 2549 643 2586 Quia
656 2549 728 2580 vero
742 2550 878 2580 variante
895 2549 925 2578 A
944 2549 981 2587 C,

147 2591 615 2666 Xffixt‘ttz‘zffllffiffiss
629 2598 771 2666 3⁵:33²?
768 2591 921 2674 1222&ss
924 2590 985 2672 {33

147 2683 265 2716 puncta
288 2679 330 2714 A,
357 2678 396 2715 B,
416 2679 454 2717 C,
477 2684 509 2708 et
529 2688 557 2713 a,
573 2680 604 2714 b,
620 2688 647 2714 c,
671 2676 839 2716 descriptis,
862 2676 984 2707 chordae

147 2729 280 2749 arcuum
305 2719 336 2750 A
354 2721 383 2751 B
403 2721 440 2755 C,
463 2732 483 2752 a
495 2722 517 2752 b
531 2731 557 2755 c,
582 2720 615 2750 in
630 2719 743 2760 quibus
757 2718 890 2759 aequales
910 2724 984 2748 sunt

147 2768 240 2792 rectae
259 2762 286 2792 B
304 2762 346 2799 E,
361 2764 382 2793 b
396 2773 424 2800 e,
439 2763 479 2794 ad
493 2763 677 2794 umbilicum
695 2762 717 2792 S
731 2762 891 2792 tendentes
904 2761 985 2791 inter

147 2804 294 2834 verticem
309 2811 340 2835 et
353 2805 500 2836 chordam
521 2807 709 2844 interceptae,
732 2810 806 2834 sunt
819 2804 852 2833 in
867 2803 985 2834 ratione

147 2845 365 2886 subduplicata
379 2853 532 2878 rectarum
549 2849 571 2879 S
583 2849 621 2884 B,
641 2848 663 2878 S
676 2849 698 2878 b
713 2848 766 2888 (ut
779 2846 935 2887 colligitur
945 2856 984 2876 ex

150 2889 266 2919 Theor-
282 2889 311 2919 12
324 2896 355 2920 et
369 2890 416 2920 11.
429 2890 468 2921 de
482 2892 584 2929 parab.
591 2890 615 2930 ).
651 2887 806 2920 Praeterea
819 2890 871 2930 (ex
883 2887 982 2928 dem.)

148 2931 282 2971 aequales
296 2937 370 2962 sunt
384 2938 475 2963 rectae
491 2933 520 2963 B
532 2933 573 2970 E,
583 2934 604 2963 b
615 2943 633 2963 e
647 2929 896 2973 quamproxime3
912 2938 987 2961 sunt

149 2974 242 3006 enim.
255 2974 354 3013 spatia
374 2985 394 3004 a
414 2973 535 3005 cometa
548 2985 653 3006 versus
673 2975 777 3006 Solem
791 2973 931 3004 cadendo
952 2973 987 3003 in

149 3015 276 3047 diversis
286 3018 325 3047 ab
336 3016 390 3047 illo
401 3016 553 3048 distantiis
564 3017 672 3048 eodem
682 3024 821 3056 tempore
832 3025 985 3056 percursa,

149 3064 182 3089 et
205 3059 372 3100 vestigium
397 3066 525 3090 cometae
554 3059 588 3089 in
612 3059 823 3091 observatione
849 3057 987 3089 secunda

150 3101 329 3140 proximum
343 3107 389 3132 est
403 3102 509 3132 vertici
522 3101 612 3132 arcus
635 3103 666 3133 A
683 3103 712 3134 B
730 3103 768 3140 C,
791 3112 848 3133 seu
865 3100 987 3142 vestigii

150 3143 299 3183 portionis
307 3144 487 3186 trajectoriae
499 3155 518 3175 a
526 3143 648 3176 cometa
655 3145 736 3178 inter
743 3144 987 3177 observationem

196 3201 276 3232 Vot..
291 3199 366 3233 ΙΙΙ.
387 3202 476 3234 ΡΔηε
496 3202 543 3233 11.

1001 3204 1031 3236 L

1031 3020 1164 3059 primam
1188 3027 1221 3052 et
1244 3021 1367 3052 tertiam
1390 3020 1561 3062 descriptae.
1603 3022 1721 3059 ,Quare
1741 3024 1873 3056 habetur

1031 3070 1186 3102 punctum
1207 3066 1238 3102 b,
1262 3070 1390 3094 cometae
1413 3064 1577 3105 vestigium
1599 3065 1632 3095 in
1646 3066 1740 3105 plano
1753 3067 1874 3107 eclipti-

1033 3115 1088 3142 co,
1111 3115 1176 3136 non
1196 3113 1301 3138 tamen
1316 3113 1504 3144 accuratum,
1528 3107 1582 3138 sed

1602 3118 1675 3140 voro
1694 3110 1873 3149 proximum

1033 3147 1194 3180 duntaxat·
