2072 3522
159 236 306 278 Lumn
327 234 563 286 Tznrmsq
623 233 941 277 PRINCIPIA
974 230 1463 276 MATHEMATICA.
1795 235 1851 275 25

158 364 201 392 m
223 349 259 390 P
277 348 292 389 l
325 348 506 403 aequalis.
569 347 667 388 Hoc
701 354 838 388 autem
868 347 912 387 in
946 361 1055 396 casu,
1091 345 1266 402 angulus
1300 357 1343 385 m
1366 345 1402 386 P
1420 344 1433 384 l
1470 352 1532 385 est
1565 342 1619 384 ad
1652 342 1851 400 angulum

161 421 197 462 P
217 420 260 462 T
279 419 344 470 M,
378 434 501 475 quem
522 419 644 460 Luna
671 418 817 460 eodem
846 426 1031 472 tempore
1050 425 1166 458 motu
1196 431 1271 457 suo
1302 423 1526 471 apparente
1545 415 1655 456 circa
1673 412 1851 454 Terram

159 489 364 540 describit,
398 497 446 530 ut
482 495 500 530 1
540 489 593 531 ad
628 495 695 539 59,
719 493 814 532 575.
873 488 981 551 Nam
1018 487 1192 544 angulus
1222 502 1266 527 m
1287 487 1324 529 P
1342 487 1359 527 l
1393 485 1564 541 aequalis
1598 491 1662 526 est
1695 481 1850 539 angulo

158 560 198 602 L
220 560 257 601 P
278 559 342 609 M,
375 559 420 599 id
449 567 522 609 est,
558 559 710 616 angulo
727 559 967 600 deflexionis
987 558 1120 599 Lunae
1139 573 1165 599 a
1183 566 1296 599 recto
1317 557 1491 606 tramite,
1522 569 1645 612 quem
1674 553 1762 595 sola
1789 551 1850 592 vis

154 629 328 685 praefata
347 629 489 671 solaris
525 637 549 672 3
571 630 594 671 Ι
616 630 669 680 Τ,
706 631 740 671 si
774 638 862 670 tum
882 636 1058 671 cessaret
1078 629 1213 670 Lunae
1231 629 1422 685 gravitas,
1453 627 1551 668 dato
1571 626 1642 666 illo
1662 634 1850 679 tempore

157 715 356 757 generare
376 708 536 755 posset;
566 700 628 754 (¹¹¹)
664 707 705 740 et
736 700 909 756 angulus
945 700 981 740 P
1001 698 1116 740 TM
1146 698 1315 754 aequalis
1345 707 1407 739 est
1435 697 1587 754 angulo
1607 693 1849 737 deflexionis

160 773 294 814 Lunae
314 789 339 813 a
358 782 472 814 recto
491 773 664 822 tramite,
697 787 818 828 quem
838 773 898 812 vis
917 771 999 822 illa,
1031 770 1111 827 qua
1134 772 1256 812 Luna
1283 771 1326 810 in
1357 771 1457 811 orbe
1477 784 1553 810 suo
1572 769 1782 818 retinetur,
1815 767 1850 808 si

157 854 246 887 tum
267 854 444 888 cessaret
460 846 521 887 vis
543 845 685 887 solaris
718 851 742 886 3
766 845 786 885 Ι
807 845 860 894 Τ,
893 844 1038 885 eodem
1058 851 1245 897 tempore
1263 850 1495 899 generaret.
1554 841 1611 882 Et
1638 841 1706 881 hae
1724 841 1845 889 vires,

158 925 204 958 ut
224 932 348 972 supra
366 916 555 966 diximus,
579 923 674 956 sunt
692 914 744 955 ad
765 915 938 956 invicem
958 922 1004 954 ut
1027 919 1044 953 1
1071 913 1123 954 ad
1146 919 1213 962 59,
1231 918 1327 957 575.
1388 915 1442 967 (¹²)
1464 913 1578 969 Ergo
1599 910 1694 952 cum
1713 919 1850 952 motus

157 988 317 1030 medius
347 987 536 1028 horarius
557 986 690 1027 Lunae
718 993 907 1039 respectu
926 984 1103 1025 fixar'um
1133 983 1185 1024 sit
1214 984 1294 1024 32'.
1318 985 1410 1025 56''.
1433 984 1538 1027 27m.
1563 981 1681 1035 1231',
1712 990 1849 1022 motus

156 1061 345 1102 horarius
364 1060 464 1103 nodi
484 1060 525 1100 in
545 1059 625 1100 hoc
645 1074 742 1100 casu
761 1058 838 1099 erit
859 1058 948 1099 33⁰.
974 1057 1074 1097 lO''‘.
1090 1054 1183 1098 33¹&
1210 1060 1291 1096 12'.
1342 1055 1448 1097 Aliis
1468 1063 1605 1095 autem
1624 1055 1665 1094 in
1687 1054 1848 1095 casibus

157 1139 292 1185 motus
312 1132 389 1172 iste
407 1130 595 1171 horarius
617 1129 694 1170 erit
713 1129 765 1170 ad
788 1129 877 1170 33''.
902 1129 998 1168 lO'''.
1023 1125 1116 1168 333'.
1142 1131 1223 1166 12'.
1254 1133 1301 1166 ut
1320 1133 1559 1166 contentum
1580 1125 1656 1166 sub
1677 1125 1847 1165 sinubus

157 1202 403 1260 angulorum
422 1202 547 1243 trium
581 1201 623 1242 T
644 1200 679 1241 P
701 1200 735 1250 1,
769 1199 804 1240 P
825 1199 866 1239 T
888 1198 943 1248 N,
975 1206 1016 1238 et
1052 1197 1082 1239 S
1104 1196 1145 1238 T
1167 1197 1208 1238 N
1243 1201 1333 1251 (seu
1352 1196 1639 1237 distantiarum
1660 1196 1794 1237 Lunae
1823 1211 1849 1236 a

157 1274 419 1331 quadratura,
443 1273 576 1314 Lunae
596 1287 620 1315 a
640 1271 764 1322 nodo,
786 1279 828 1312 et
846 1269 946 1312 nodi
965 1285 990 1311 a
1013 1269 1125 1320 Sole)
1157 1268 1210 1309 ad
1239 1269 1389 1310 cubum
1410 1268 1527 1310 radii.
1587 1269 1636 1323 (⁰)
1669 1267 1724 1309 Et
1744 1282 1850 1323 quo-

1066 1412 1111 1454 (⁰)
1141 1415 1158 1432 ³
1182 1414 1227 1444 Et
1249 1415 1361 1454 quoties
1382 1415 1503 1453 signum
1528 1410 1657 1453 alicujus
1681 1413 1788 1451 anguli
1812 1414 1852 1442 de

1021 1457 1212 1496 affirmativo,
1238 1457 1293 1486 διε.
1342 1455 1488 1495 Angulos
1512 1456 1545 1491 Q
1559 1455 1589 1485 T
1605 1455 1633 1485 P
1656 1460 1686 1484 et
1714 1455 1743 1484 N
1762 1454 1791 1484 T
1807 1454 1850 1490 P,

1022 1497 1168 1536 positivos
1191 1504 1278 1528 vocat
1294 1498 1475 1534 Newtonus,
1499 1497 1624 1537 quando
1644 1502 1795 1536 punctum
1819 1497 1851 1527 P

1021 1545 1067 1569 est
1091 1540 1124 1569 in
1146 1540 1363 1580 consequentia
1376 1546 1548 1579 respectup
1551 1545 1713 1570 unctorum
1742 1539 1776 1574 Q
1799 1539 1851 1569 vel

1024 1582 1057 1611 N
1081 1582 1121 1612 ad
1146 1592 1216 1621 quae
1237 1581 1420 1619 referuntur,
1436 1583 1494 1612 hoc
1508 1589 1555 1612 est
1568 1581 1702 1621 angulus
1726 1581 1760 1616 Q
1774 1581 1804 1611 T
1819 1581 1850 1612 P

1021 1629 1067 1654 est
1080 1623 1227 1663 positivus
1240 1625 1359 1665 quoties
1372 1634 1460 1655 arcus
1477 1625 1510 1660 Q
1524 1624 1561 1660 P,
1589 1625 1628 1654 ab
1648 1622 1759 1653 ultima
1772 1633 1850 1663 qua-

1022 1664 1148 1696 dratura
1166 1666 1199 1702 Q
1214 1673 1392 1697 numeratus
1405 1667 1439 1696 in
1453 1666 1669 1706 consequentia
1683 1675 1746 1695 non
1760 1676 1849 1696 exee-

1021 1708 1067 1738 dit
1098 1712 1157 1739 180
1185 1719 1232 1749 gr·
1262 1710 1423 1750 negativus
1451 1707 1522 1739 vero
1549 1708 1623 1739 cum
1647 1717 1736 1737 arcus
1763 1708 1796 1743 Q,
1820 1708 1849 1738 P

1022 1750 1142 1781 excedit
1170 1755 1229 1781 180
1250 1761 1297 1792 gr.
1312 1763 1323 1788 ;
1345 1750 1480 1791 angulus
1506 1751 1539 1781 N
1563 1751 1593 1781 T
1616 1750 1644 1780 P
1669 1750 1780 1789 pariter
1803 1756 1850 1780 eet
1872 1757 1876 1760 ⁴

1021 1792 1168 1832 positivus
1182 1792 1255 1824 cum
1270 1803 1360 1824 arcus
1375 1794 1408 1824 N
1425 1794 1454 1824 P
1467 1804 1486 1824 a
1510 1792 1594 1824 nodo
1608 1792 1791 1823 ascendente
1814 1792 1849 1822 in

1022 1836 1239 1875 consequentia
1266 1842 1446 1867 numeratus
1473 1845 1538 1866 non
1566 1834 1685 1865 excedit
1716 1838 1777 1866 180
1800 1844 1847 1875 gr.

1022 1878 1182 1917 negativus
1204 1878 1274 1908 vero
1300 1884 1346 1909 est
1367 1877 1441 1909 ciun
1465 1878 1492 1908 is
1513 1887 1603 1908 arcus
1631 1877 1663 1907 N
1682 1877 1708 1907 P
1731 1877 1851 1908 excedit

199 1418 253 1461 (¹¹¹)
281 1421 298 1439 ⁴
322 1420 367 1449 Et
379 1420 511 1458 ang-ulus
528 1420 557 1448 P
573 1419 602 1448 T
615 1419 657 1448 M
671 1418 795 1458 aequalis
810 1422 852 1446 est
866 1416 979 1454 angulo

156 1463 334 1503 dqflmonis.
383 1460 531 1500 Angulus
555 1460 593 1490 Μ
611 1459 673 1508 Pp
698 1466 743 1489 est
768 1459 902 1498 angulus
926 1456 980 1486 de-

157 1503 296 1534 flexionis
323 1503 362 1534 de
390 1512 452 1542 quo
480 1512 566 1533 nunc
587 1501 699 1542 agitur,
729 1500 883 1541 triangula
907 1497 979 1529 vero

1024 1923 1084 1950 180
1098 1930 1144 1960 gr.
1192 1920 1327 1956 Quando
1341 1921 1424 1950 enim
1438 1930 1526 1951 arcus
1551 1920 1585 1955 Q
1599 1919 1637 1956 P,
1664 1920 1695 1949 N
1709 1920 1741 1950 P
1761 1930 1851 1951 exce*

1021 1961 1102 1992 dunt
1129 1966 1188 1993 180
1201 1973 1248 2003 gr.
1266 1969 1341 1993 tunc
1355 1962 1463 2003 anguli
1486 1963 1518 1998 Q
1533 1963 1563 1993 T
1579 1962 1616 1998 P,
1642 1963 1673 1992 N
1691 1963 1720 1993 T
1737 1963 1765 1992 P
1786 1971 1850 1992 non

1023 2004 1156 2044 amplius
1177 2011 1379 2036 numerantur
1398 2004 1571 2036 secundum
1587 2004 1688 2035 Lunae
1709 2004 1851 2036 directio-

1023 2057 1104 2083 nem,
1115 2057 1169 2077 seu
1179 2046 1351 2078 secundum
1360 2047 1440 2078 viam
1451 2057 1544 2096 quam
1555 2047 1649 2078 Luna
1660 2053 1705 2077 est
1714 2056 1849 2083 emensa,

1023 2089 1077 2119 sed
1098 2089 1270 2120 secundum
1285 2090 1365 2120 viam
1379 2100 1449 2130 quae
1462 2089 1520 2128 ipsi
1534 2089 1732 2120 describenda
1745 2098 1851 2127 super-

1025 2139 1071 2161 est
1084 2138 1122 2162 ut
1142 2132 1181 2162 ad
1202 2139 1318 2171 puncta
1330 2132 1364 2167 Q
1376 2138 1406 2162 et
1422 2132 1455 2162 N
1469 2131 1582 2166 redeat,
1598 2132 1669 2161 hinc
1684 2131 1729 2160 illi
1744 2129 1852 2170 anguli

1025 2174 1158 2214 negativi
1169 2173 1323 2210 dicuntur,
1335 2184 1444 2204 eorum
1458 2179 1595 2211 respectu
1611 2173 1665 2213 qui
1679 2172 1851 2203 secundum

1025 2215 1108 2246 viam
1122 2226 1141 2244 a
1157 2214 1252 2245 Luna
1265 2215 1447 2254 descriptam
1461 2224 1686 2245 mensurantur.

1071 2257 1219 2297 Angulus
1233 2256 1304 2287 vero
1321 2258 1344 2288 S
1356 2258 1385 2287 T
1398 2258 1430 2287 N
1440 2256 1588 2295 positivus
1602 2256 1715 2287 dicitur
1727 2255 1852 2297 quando

1026 2309 1115 2330 arcus
1131 2300 1161 2328 A
1176 2299 1207 2329 N
1222 2310 1241 2329 a
1255 2299 1323 2329 loco
1336 2298 1560 2339 conjunctionis
1575 2298 1678 2329 Lunae
1691 2309 1764 2329 cum
1781 2298 1853 2329 Sole

1029 2351 1126 2381 usque
1147 2340 1187 2371 ad
1208 2341 1325 2371 nodum
1340 2348 1445 2371 contra
1459 2340 1597 2370 ordinem
1613 2341 1771 2381 signorum
1792 2351 1854 2371 nu-

161 2216 201 2246 M
218 2215 246 2246 P
259 2226 288 2255 p,
317 2216 356 2247 M
374 2216 401 2246 P
418 2216 447 2246 T
471 2221 543 2247 suut
557 2215 668 2245 similia
682 2216 721 2245 ob
735 2215 886 2255 angulum
902 2225 986 2244 com-

159 2268 288 2289 munem
313 2258 342 2289 P
358 2259 397 2288 M
415 2260 453 2295 T,
481 2265 511 2289 et
536 2257 667 2298 angulos
681 2263 778 2291 rectos
803 2257 831 2287 T
851 2257 876 2286 P
892 2257 931 2287 M
955 2262 987 2287 et

160 2300 372 2384 21ξὲρὶὴίηο
386 2300 494 2343 anguli
508 2299 622 2331 residui
639 2299 667 2329 P
679 2300 709 2330 T
721 2299 769 2336 M,
787 2299 825 2329 M
839 2299 867 2328 Ρ
878 2309 899 2338 p
913 2305 987 2329 sunt

204 2388 218 2427 (
221 2385 251 2425 ¹⁸)
280 2387 297 2405 ⁴
315 2387 410 2425 Ergo,
423 2388 480 2418 διο.
528 2384 585 2416 Isti
608 2383 715 2425 anguli
729 2382 907 2415 deflexionis
931 2383 986 2413 de

160 2427 236 2458 bent
249 2438 315 2459 esse
329 2436 365 2458 ιιι
379 2429 457 2459 vires
480 2427 549 2458 inas
570 2425 755 2458 deflexiones
773 2425 986 2466 producentes,

161 2469 196 2499 ἰιι
210 2470 268 2500 hoc
282 2470 366 2500 enim
380 2481 463 2508 casu,
477 2477 607 2510 utraque
621 2468 666 2499 vis
678 2468 744 2517 agit
756 2467 986 2508 perpendicula-

162 2511 235 2542 riter
258 2512 300 2543 ad
324 2520 503 2555 tangentem
527 2511 556 2542 P
583 2511 632 2548 M,
655 2510 728 2541 hinc
749 2510 870 2541 lineolae
895 2510 934 2541 M
956 2521 987 2549 p,

165 2553 205 2584 M
221 2554 250 2584 L
275 2565 331 2594 per
354 2566 405 2586 eas
429 2556 508 2586 vires
521 2554 634 2595 genitae
656 2559 792 2594 tempore
806 2552 925 2590 eodem,
951 2563 989 2584 eo

163 2605 277 2670 ἓὲῗὲῗιῖ
296 2608 362 2671 ἑὲἑὲ
382 2595 989 2680 Effsss'ss‘ffffiilffissfffissaepssssnfeffl

164 2687 288 2720 sumpto
299 2681 327 2712 P
338 2683 378 2713 M
387 2692 442 2722 pro
451 2681 537 2713 radio
550 2686 624 2711 suut
633 2685 793 2720 tangentes
802 2680 989 2719 angulorum

164 2721 343 2755 deflexionis
356 2735 377 2764 p
387 2693 427 2755 pP
441 2725 490 2762 M,
507 2724 545 2755 Μ
557 2723 586 2754 Ρ
597 2722 637 2759 L,
658 2727 690 2752 et
703 2721 811 2762 anguli
825 2731 917 2761 quam
932 2722 990 2752 mi-

165 2764 992 2855 iffixss'ttssfflffiffiffzdfftfflfttffi

166 2855 270 2879 nutem
284 2850 396 2882 horarii
408 2851 508 2882 Lunae
522 2856 553 2881 et
566 2849 719 2880 nodorum
730 2854 804 2882 sunt
817 2849 873 2887 ipsi
884 2849 993 2889 anguli

169 2890 198 2922 P
209 2891 239 2922 T
250 2891 289 2922 M
303 2899 335 2924 et
348 2903 381 2923 m
391 2894 420 2924 T
429 2893 451 2930 1,
466 2893 519 2933 qui
529 2898 600 2922 sunt
614 2901 652 2922 ex
667 2890 880 2922 demonstratis
891 2901 992 2931 aequa-

166 2932 212 2964 le·
231 2935 355 2976 anguiis
367 2934 574 2966 deflexiouum
599 2934 634 2964 M
655 2933 718 2972 Pp
756 2933 792 2963 M
812 2933 840 2965 P
857 2933 896 2970 L,
920 2943 994 2973 ergo

166 2981 272 3007 motus
291 2977 403 3008 horarii
417 2983 490 3008 sunt
502 2983 540 3008 ut
553 2976 631 3007 vires
644 2975 712 3009 illas
725 2974 910 3015 deflexiones
924 2985 993 3016 pro-

168 3016 327 3051 ducentes.
369 3020 410 3056 Q
425 3030 453 3051 e.
464 3029 494 3050 o.

1026 2391 1169 2418 meratus»,
1187 2390 1232 2414 est
1245 2383 1346 2413 minor
1364 2387 1422 2413 180
1436 2393 1496 2424 gn,
1518 2383 1679 2423 negativus
1693 2382 1764 2414 vero
1777 2382 1854 2413 dici-

1026 2433 1079 2456 tur
1092 2424 1166 2456 cum
1180 2425 1301 2456 excedit
1316 2429 1378 2456 180
1391 2435 1451 2466 gr„
1475 2426 1557 2465 quia,
1573 2425 1647 2456 cum
1661 2425 1735 2456 nodi
1748 2435 1853 2456 move-

1026 2474 1119 2498 antur
1132 2475 1238 2498 contra
1260 2467 1398 2498 ordinem
1377 2468 1572 2522 msignorum
1593 2468 1656 2499 sive
1677 2469 1711 2498 in
1732 2474 1851 2498 antece-

1028 2510 1140 2547 dentia,
1167 2511 1300 2551 angulus
1328 2510 1407 2540 ST
1382 2525 1401 2541 ι
1431 2510 1464 2540 N
1488 2510 1588 2549 primo
1611 2520 1684 2540 casu
1711 2509 1855 2549 exprimit

1028 2552 1110 2584 viam
1136 2552 1210 2584 nodi
1224 2564 1243 2583 a
1256 2553 1387 2593 syzygia,
1415 2552 1551 2582 secundo
1564 2563 1637 2583 casu
1659 2553 1739 2582 viam
1760 2561 1853 2592 quam

1028 2595 1147 2625 emetiri
1161 2595 1251 2626 debet
1264 2602 1300 2625 ut
1314 2595 1353 2626 ad
1367 2594 1521 2635 syzygiam
1535 2595 1648 2626 redeat-

1074 2638 1274 2668 Probandum
1290 2644 1393 2668 autem
1411 2636 1456 2667 10.
1475 2637 1557 2676 quod
1572 2637 1598 2666 si
1612 2643 1673 2668 tres
1686 2636 1732 2667 illi
1746 2635 1856 2677 anguli

1033 2680 1066 2716 Q
1082 2681 1111 2711 T
1129 2681 1164 2714 P,
1182 2680 1214 2710 N
1231 2680 1261 2711 T
1279 2680 1315 2716 P,
1333 2680 1355 2710 S
1371 2679 1400 2710 T
1416 2679 1459 2715 N,
1474 2678 1535 2708 sint
1549 2679 1669 2717 positivi
1682 2685 1786 2709 motus
1799 2687 1855 2708 no-

1030 2724 1140 2753 dorum
1155 2729 1201 2753 est
1214 2722 1415 2763 regressivus.
1441 2720 1489 2751 20.
1515 2721 1598 2760 quod
1611 2721 1636 2750 si
1652 2731 1734 2751 unus
1748 2730 1856 2750 eorum

1030 2765 1070 2795 sit
1084 2765 1251 2806 negativus,
1267 2764 1375 2804 reliqui
1387 2763 1516 2803 positivi,
1532 2770 1635 2793 motus
1646 2763 1797 2793 nodorum
1811 2768 1858 2793 est

1030 2809 1246 2848 progressivus.
1284 2806 1333 2837 30
1356 2806 1450 2841 Quod
1466 2805 1492 2835 si
1506 2815 1588 2835 unus
1602 2815 1708 2835 eorum
1723 2805 1762 2835 sit
1775 2805 1856 2844 posi-

1031 2850 1120 2885 tivus,
1138 2850 1200 2879 duo
1215 2849 1356 2890 negativi,
1373 2855 1475 2878 motus
1490 2847 1640 2877 nodorum
1656 2853 1702 2878 est
1715 2847 1856 2888 regiensi·

1032 2902 1098 2922 vus.
1144 2892 1193 2923 40.
1220 2892 1366 2939 Denique
1380 2890 1462 2930 quod
1477 2890 1502 2919 si
1517 2899 1624 2919 ornnes
1638 2890 1698 2920 sint
1713 2889 1857 2930 negativi,

1033 2941 1136 2964 motus
1147 2933 1297 2964 nodorum
1308 2935 1420 2964 iterum
1434 2933 1471 2962 sit
1486 2933 1702 2971 progressivus,
1717 2932 1761 2962 sic
1775 2932 1858 2964 enim

1033 2978 1144 3017 quoties
1159 2979 1281 3016 signum
1295 2977 1351 3006 alic.
1339 2976 1425 3015 cujus
1446 2975 1554 3013 anguli
1568 2977 1604 3004 de
1624 2976 1805 3016 affirmativo
1825 2975 1861 3004 in

1035 3021 1222 3059 negativum,
1243 3021 1337 3061 deqtce
1350 3019 1530 3059 qffirmntivo
1552 3020 1589 3048 in
1602 3019 1775 3059 negativum
1789 3027 1860 3048 ntu-
