2072 3522
172 269 226 307 96
574 248 1024 298 PHILOSOPHIAE
1055 219 1416 290 NATURALIS
1445 242 1542 296 [DE
1563 242 1726 285 Manu.
1749 241 1872 284 sm.

173 379 334 421 circiter
354 372 548 423 ascendit,
569 372 613 423 in
633 371 722 412 aliis
740 368 842 410 locis
862 363 1083 423 aequationi
1101 351 1233 404 centri
1257 360 1363 402 Solis
1381 357 1700 414 proportionalis
1721 363 1809 406 est3
1831 362 1877 397 et

174 451 341 494 additur
360 446 498 488 medio
526 444 658 486 motui
680 443 814 483 Lunae
834 439 907 484 ubi
927 438 1065 479 Terra
1082 435 1218 491 pergit
1249 433 1301 474 ab
1333 431 1496 487 aphelio
1525 446 1600 473 suo
1630 430 1684 471 ad
1716 427 1879 484 perihe-

156 523 291 571 ·lium,
328 526 369 560 et
399 518 442 558 in
476 513 666 574 opposita
688 512 800 553 orbis
819 516 938 565 parte
959 505 1213 548 subducitur.
1274 501 1538 545 Assumendo
1570 501 1732 542 radium
1766 497 1878 539 orbis

178 591 319 649 magni
341 595 450 631 1000
471 595 512 629 et
532 583 876 628 eccentricitatem
898 580 1042 620 Terrae
1066 577 1158 628 163,
1196 574 1239 630 (¹)
1272 573 1365 615 haec
1385 572 1576 629 aequati0‚
1610 571 1683 612 ubi
1702 569 1882 611 maxima

181 671 256 714 est,
289 675 364 717 per
396 658 597 702 theoriam
625 653 835 712 gravitatis
865 649 1020 706 prodiit
1049 647 1134 708 <list
1165 645 1258 688 49'‘.
1320 644 1403 686 Sed
1439 641 1715 684 eccentricitas
1737 641 1883 683 Terrae

181 735 307 792 paulo
326 733 456 788 major
476 744 565 771 esse
584 728 760 776 videtur,
783 732 824 766 et
843 722 961 765 aucta
982 718 1282 763 eccentricitate
1296 716 1388 758 haec
1407 715 1585 772 aequatio
1600 714 1742 771 augeri
1761 714 1886 756 debet

183 809 226 850 in
248 807 391 849 efidem
411 804 582 845 ratione.
626 801 687 843 Sit
707 796 987 841 eccentricitas
1012 794 1130 846 leffi,
1153 798 1194 833 et
1212 789 1390 847 aequatio
1405 788 1585 829 maxima
1605 786 1682 827 erit
1698 787 1775 828 11'.
1793 785 1885 828 51''.

244 878 305 933 (¹²¹)
338 874 483 918 Inveni
504 873 625 914 etiam
647 869 759 926 quod
778 868 821 908 in
840 864 1041 921 perihelio
1063 862 1221 911 Terrae‚
1251 866 1424 915 propter
1442 857 1642 913 majorem
1660 855 1742 917 vim
1765 855 1885 906 Solis,

187 963 405 1006 apogaeum
427 955 468 987 et
487 945 587 986 nodi
607 943 742 984 Lunae
762 939 940 982 velocius
960 943 1176 978 moventur
1196 932 1317 990 quarn
1339 933 1382 973 in
1403 931 1566 987 aphelio
1578 931 1681 986 ejus,
1701 929 1827 984 idque
1845 928 1891 969 in

188 1018 390 1075 triplicata
422 1016 579 1057 ratione
600 1011 804 1054 distantiae
825 1010 970 1051 Terrae
991 1024 1015 1049 a
1038 1006 1133 1049 Sole
1167 1002 1339 1045 inverse.
1401 1002 1452 1058 (¹¹)
1486 1002 1542 1043 Et
1575 1000 1672 1041 inde
1703 999 1892 1040 oriuntur

191 1089 442 1147 aequationes
464 1098 612 1127 annuae
631 1083 783 1124 horum
813 1088 1001 1122 motuum
1030 1076 1251 1134 aequationi
1272 1073 1399 1115 centri
1425 1072 1532 1115 Solis
1550 1069 1892 1127 proportionales.

192 1248 272 1277 hanc
295 1241 497 1284 aequationem
514 1240 567 1271 ubi
581 1238 716 1270 maxima
737 1244 783 1269 est
806 1237 844 1270 9'·
863 1237 928 1268 44''.
959 1236 1025 1267 effi·
1067 1235 1117 1272 rit,
1142 1234 1198 1265 erit
1212 1238 1317 1265 motus
1331 1231 1448 1273 apogaei
1469 1230 1503 1261 in
1523 1229 1630 1271 quavis
1643 1225 1798 1266 distantis,
1822 1238 1844 1269 g
1856 1230 1898 1269 ss

194 1298 271 1318 cere.
1069 1281 1089 1308 3
1100 1287 1120 1306 x
1540 1276 1559 1304 8
1572 1283 1591 1302 x

240 1346 279 1387 (¹)
306 1346 384 1376 Haec
409 1343 539 1383 aequatio
553 1342 604 1372 ubi
618 1321 749 1371 maxima
774 1345 815 1370 est
835 1339 945 1378 prodiit
969 1337 1027 1368 11¹-
1075 1321 1124 1360 ἷ-
1137 1313 1169 1344 g,
1185 1309 1217 1334 et
1230 1307 1334 1333 metus
1347 1300 1421 1374 mxi-i
1443 1309 1464 1330 n
1486 1312 1518 1341 4-
1540 1315 1594 1356 -8-
1608 1309 1640 1329 η’

197 1389 266 1421 49”.
287 1430 294 1436 .
311 1385 445 1434 Sumpta.
470 1382 577 1433 orbita⁸
601 1382 718 1436 lunari!
733 1387 768 1412 ut
796 1380 959 1430 cir-culmi,-
976 1389 1031 1418 per
1117 1398 1164 1440 (ῃ)
1192 1401 1210 1418 a
1236 1400 1280 1429 Et
1303 1400 1374 1428 inde
1395 1398 1541 1427 oriuntur
1565 1395 1748 1435 ‘equanam
1771 1401 1899 1427 annm,

198 1433 348 1480 tpeormm
363 1433 521 1477 gravstatisi
530 1425 646 1476 pfi'dnt
671 1428 705 1454 ll
719 1442 729 1451 ⁸
746 1423 814 1454 47⁸.
839 1433 903 1471 ”¹3⁰
917 1431 1028 1471 ‘fnum-¹⁹
1075 1442 1238 1482 aequationi
1252 1442 1348 1471 centri
1362 1440 1434 1471 Solis
1445 1438 1688 1478 proportionales.
1737 1433 1819 1466 Cfim
1834 1443 1902 1464 mo-

199 1483 262 1504 sive
280 1472 451 1506 Newtonus
466 1469 525 1498 aha
541 1478 589 1497 via
603 1477 676 1497 eum
698 1466 851 1497 calculum
867 1469 1032 1495 mstituerit

200 1514 296 1556 quam
308 1523 373 1549 nos,
391 1512 452 1542 sive
467 1511 527 1540 alia
538 1510 690 1540 elementa
701 1508 905 1546 assumpserit,
922 1507 984 1537 sive
995 1516 1033 1536 ex

202 1556 430 1588 excentricitate
445 1553 551 1583 orbitae
566 1551 682 1581 lunaris
702 1549 941 1580 consideratione
955 1550 1034 1579 hanc

202 1598 404 1640 quantitatem
430 1595 560 1631 auxerit,
591 1600 700 1624 caetera
729 1591 801 1623 vero
826 1591 866 1622 ad
888 1591 1035 1622 amussim

204 1640 368 1683 quadrant.

249 1697 332 1728 Eam
362 1694 565 1735 aequationem
594 1691 813 1723 excentricitati
841 1692 946 1721 Terrae
974 1700 1039 1720 esse

207 1738 467 1779 proportionatam
496 1745 534 1765 ex
559 1736 632 1765 Cor·
652 1738 678 1764 l.
710 1735 803 1765 Prob.
832 1734 872 1763 V.
898 1743 967 1773 pag.
986 1734 1005 1762 7
1010 1736 1037 1768 2,

208 1781 310 1820 prodit
325 1779 407 1809 enim
431 1779 496 1816 ejus
511 1777 595 1807 valor
609 1787 662 1816 per
676 1776 860 1816 quantitates
874 1775 950 1804 fixas
964 1774 1040 1804 duc-

210 1831 256 1854 tas
270 1823 302 1852 in
317 1820 575 1852 excentrieitatem
591 1829 660 1859 quae
686 1819 719 1848 in
745 1817 863 1848 calculo
884 1817 1041 1846 dicebatur

211 1884 250 1910 e;
273 1879 303 1901 et
318 1870 456 1911 quamvis
471 1869 623 1909 quantitas
637 1871 658 1899 b
672 1879 741 1909 quae
756 1875 800 1899 est
818 1871 859 1909 »ᾳ
875 1879 893 1898 a
908 1870 922 1886 ²
937 1884 980 1892 —
994 1878 1011 1896 e
1025 1869 1041 1885 ²

211 1915 244 1945 in
259 1925 296 1944 eo
311 1913 411 1943 valore
418 1918 570 1948 occurrat,
587 1910 701 1942 idcirco
717 1921 779 1941 non
795 1919 840 1940 est
854 1909 1043 1940 censendum

213 1955 393 1996 aequationis
408 1954 541 1984 valorem
555 1953 692 1984 multum
707 1953 845 1992 pendere*
854 1963 891 1982 ex
907 1952 960 1981 iila
974 1951 1045 1991 dig-

214 1999 310 2029 nitate
332 2009 350 2028 e
364 1999 379 2016 ²
404 1996 555 2036 siquidem
580 1996 613 2025 in
636 1996 690 2026 ino
715 1996 847 2026 termino
861 2005 897 2025 ea
912 1993 1045 2035 dignitas

215 2040 280 2072 fere
295 2039 446 2070 evanescit
460 2044 600 2077 respectu
614 2048 633 2068 a
646 2040 673 2066 2·

260 2098 375 2137 Liquet
389 2096 480 2126 etiam
497 2105 534 2125 ex
555 2096 624 2128 Cor.
640 2099 670 2125 2-
688 2094 785 2135 ejusd.
801 2093 903 2124 Probl.
923 2099 1048 2123 caeteras

219 2140 405 2179 aequationes
429 2148 493 2167 esse
507 2136 751 2176 proportionatas
774 2136 939 2176 aequationi
953 2135 1049 2166 centri

221 2182 319 2212 Solis:
346 2179 507 2210 addendas·
528 2189 593 2209 esse
615 2179 714 2209 motui
731 2179 833 2209 Lunoe
858 2177 935 2208 dum
949 2177 1051 2218 pergit

219 2222 394 2262 ab'aphelio
409 2221 448 2251 ad
463 2221 657 2260 periheiium,
673 2221 737 2251 illic
749 2221 829 2251 enim
842 2220 971 2250 tardatio
980 2229 1051 2250 vera

220 2266 323 2296 minor
338 2270 383 2294 est
397 2262 492 2303 quam
507 2263 638 2293 tardatio
653 2263 824 2303 mediocris,
840 2273 913 2303 ergo
927 2272 1052 2302 provec-

221 2309 281 2338 tior
295 2313 343 2347 est
357 2306 450 2336 Luna
464 2305 558 2345 quam
574 2305 748 2335 secundum
769 2305 971 2335 tardationem
987 2315 1052 2335 me-

223 2350 368 2385 diocrem,
384 2347 455 2378 addi
468 2358 542 2387 ergo
552 2347 642 2378 debet
653 2347 719 2387 ejus
733 2348 789 2377 viae
804 2347 860 2377 iste
874 2346 1053 2377 tardationis

223 2392 382 2427 defectus3
414 2399 450 2419 ex
478 2389 627 2427 perihelio
652 2390 809 2430 pergendo
837 2399 885 2419 res
914 2388 1054 2428 opposita

226 2434 344 2464 ratione
359 2431 511 2471 procedet.

269 2491 322 2533 (““)
355 2492 370 2509 ⁸
398 2491 508 2520 Inveni
529 2491 630 2526 etiam,
654 2489 711 2520 διο.
757 2488 798 2519 Id
822 2488 928 2528 utique
950 2488 1056 2518 statuit

230 2534 300 2564 Cor.
323 2537 370 2563 14.
403 2532 495 2570 Prop.
517 2531 647 2562 LXVI.
676 2531 746 2562 Lib.
773 2531 813 2568 1.,
838 2531 901 2560 iilic
924 2530 1057 2560 ostendit

227 2578 305 2606 vires
322 2575 401 2605 Solis
415 2584 480 2604 esse
501 2579 537 2603 ut
558 2574 652 2604 cubos
667 2573 878 2604 distantiarum
893 2571 1055 2611 reciproce,

227 2619 311 2648 unde
325 2617 398 2648 cum
424 2616 485 2646 sint
499 2626 599 2646 causae
625 2625 761 2646 errorum
783 2615 902 2655 apogaei
916 2620 946 2644 et
961 2616 1055 2645 nodo-

228 2671 307 2697 rum,
332 2660 378 2689 ilii
393 2668 507 2689 errores
521 2659 584 2689 sive
598 2664 701 2689 motus
714 2658 767 2698 qui
787 2657 850 2687 suis
874 2657 972 2687 causis
986 2663 1059 2688 sunt

229 2701 479 2741 proportionales,
502 2700 615 2731 debent
629 2710 693 2731 esse
707 2707 744 2731 ut
758 2700 829 2730 cubi
844 2699 1058 2730 distantiarum
1072 2709 1074 2711 ’

230 2743 402 2784 reciproce;
432 2743 504 2774 hinc
533 2743 654 2773 dicatur
680 2753 700 2773 a
726 2742 888 2773 mediocris
916 2742 1059 2773 distantia

233 2787 335 2817 Terrae
363 2796 382 2817 a
413 2784 494 2821 Sole,
531 2785 676 2816 distantia
702 2784 818 2826 quaevis
853 2784 913 2814 alia
940 2784 1060 2815 dicatur

231 2840 249 2858 a
264 2830 302 2867 ,ᾖ
320 2839 349 2866 x,
366 2834 470 2858 motus
483 2827 605 2858 medius
619 2827 751 2858 diurnus
765 2826 882 2868 apogaei
897 2827 929 2857 in
945 2827 1060 2857 distan-

231 2869 275 2901 tia
299 2882 318 2902 a
342 2871 381 2901 sit
404 2881 435 2911 g,
462 2876 566 2900 motus
579 2869 701 2901 medius
714 2869 788 2907 nodi
813 2870 845 2899 in
867 2867 905 2899 ea
918 2869 1060 2899 distantia

232 2924 251 2942 a
279 2914 317 2943 sit
347 2923 378 2950 n,
409 2913 442 2942 in
470 2911 616 2943 distantia
644 2921 674 2950 x,
710 2920 814 2943 motus
849 2912 968 2952 apogaei
1004 2911 1061 2942 erit

233 2957 333 3045 {lig
349 3008 362 3028 ³
378 2992 399 3021 g
414 2987 444 3012 et
458 2987 560 3012 motus
575 2981 719 3013 nodierit
766 2956 822 3047 Γ
851 3008 864 3028 ³

264 3047 302 3052 ,-
732 3027 751 3047 a
816 3026 836 3046 x

233 3057 348 3106 rixando
362 3059 470 3090 seriem
487 3070 524 3090 ex
539 3060 588 3090 his
602 3049 810 3100 quotientib—u]
823 3065 854 3090 et
867 3060 985 3091 omissis
1002 3067 1061 3091 ter-

234 3109 326 3130 minis
335 3110 366 3129 in
376 3101 488 3141 quibus
500 3101 589 3133 altior
600 3101 733 3144 dignitas
741 3101 916 3144 quantitatis
926 3112 945 3133 x
953 3113 1060 3136 occur-

887 2991 908 3010 n
930 2986 985 3011 aut
998 2981 1060 3012 sor-

1074 1490 1126 1514 tus
1140 1482 1258 1523 apog'oei
1271 1482 1372 1512 Lunae
1387 1487 1418 1511 et
1431 1480 1504 1510 nodi
1520 1478 1682 1510 uniformis
1697 1487 1759 1507 non
1774 1477 1814 1507 sit
1828 1474 1902 1506 cum

1078 1526 1173 1556 Terra
1188 1525 1227 1555 ad
1241 1525 1337 1555 varias
1352 1534 1368 1554 a
1388 1523 1459 1553 Sole
1473 1522 1630 1553 distantias
1644 1519 1832 1554 transfertur,
1850 1516 1904 1547 sed

1078 1567 1207 1598 addatur
1229 1573 1283 1597 aut
1308 1566 1482 1597 detrahatur
1507 1574 1545 1594 ex
1571 1573 1677 1594 eorum
1691 1567 1780 1592 motu
1802 1559 1905 1590 medio

1077 1635 1231 1676 quantitas
1245 1634 1399 1665 variabilis
1409 1612 1463 1691 ἒξ
1477 1643 1506 1673 g.
1523 1610 1618 1688 eti-3²3³
1644 1641 1676 1666 n,
1701 1629 1725 1660 si
1751 1633 1906 1669 quaeratur

1079 1713 1255 1743 progressus
1268 1703 1384 1742 apogaei
1402 1703 1503 1733 Lunae
1518 1706 1571 1731 aut
1585 1697 1658 1730 nodi
1672 1696 1743 1728 cum
1758 1696 1855 1726 Terra
1869 1695 1908 1725 ab

1080 1745 1201 1784 aphelio
1219 1745 1298 1775 Solis
1312 1745 1393 1774 certa
1407 1743 1575 1784 quantitate
1593 1741 1712 1771 dierum
1727 1737 1906 1773 discesserit,

1080 1789 1108 1817 is
1122 1797 1298 1826 progressus
1322 1796 1359 1816 ex
1385 1793 1472 1816 motu
1488 1783 1590 1815 medio
1605 1781 1721 1822 apogaei
1739 1781 1841 1812 Lunae
1855 1785 1910 1809 aut

1081 1829 1154 1859 nodi
1179 1829 1260 1859 recte
1284 1838 1347 1858 non
1373 1827 1608 1867 computabitur,
1638 1826 1752 1864 quippe
1780 1821 1910 1862 singuiis

1083 1898 1191 1929 diebus
1204 1902 1314 1936 praeter
1327 1903 1448 1927 motum
1465 1895 1603 1927 medium
1617 1892 1785 1934 quantitate
1805 1867 1859 1946 {a}
1877 1899 1910 1931 g,

1084 1971 1136 1998 3x

1085 2010 1139 2050 —a—
1153 2003 1173 2023 n
1189 1998 1400 2032 processerunt
1414 1998 1468 2022 aut
1482 1994 1681 2026 recesserunt,
1704 1994 1827 2017 summa
1839 1994 1914 2027 ergo

1086 2061 1226 2093 omnium
1241 2061 1350 2093 harum
1364 2060 1569 2100 quantitatum
1589 2058 1647 2088 erit
1660 2054 1819 2090 sumenda,
1844 2062 1915 2094 qua

1087 2110 1179 2135 erunt
1189 2102 1387 2133 correctiones
1402 2113 1456 2132 seu
1472 2101 1657 2142 aequationes
1667 2099 1779 2140 quibus
1793 2106 1832 2127 ex
1847 2094 1915 2125 looo

1088 2146 1191 2177 medio
1206 2145 1323 2185 apogaei
1339 2151 1370 2175 et
1384 2144 1457 2174 nodi
1481 2145 1520 2174 ad
1543 2153 1648 2173 verum
1664 2142 1730 2183 ejus
1744 2139 1847 2169 iocum
1861 2136 1916 2171 de-

1089 2189 1256 2223 veniemus,
1290 2187 1351 2216 iilae
1379 2185 1451 2217 vero
1481 2186 1666 2226 aequationes
1694 2180 1917 2223 aequutiouibus

1090 2230 1186 2262 centri
1200 2229 1278 2260 Solis
1288 2235 1378 2259 erunt
1386 2228 1634 2268 proportionales,
1646 2235 1718 2256 nam
1730 2223 1803 2255 cum
1813 2228 1918 2253 motus

1094 2273 1173 2304 Solis
1183 2272 1222 2302 sit
1235 2272 1267 2301 in
1283 2270 1438 2311 duplicata
1448 2271 1565 2301 ratione
1576 2267 1726 2300 distantia
1736 2263 1856 2296 inverse
1868 2265 1919 2305 (ut

1092 2321 1261 2354 exponetur
1286 2314 1319 2343 in
1343 2313 1417 2343 neta
1432 2313 1476 2355 (⁰)
1493 2310 1629 2351 proxime
1643 2308 1797 2350 sequenti)
1823 2307 1863 2337 sit
1884 2315 1917 2336 m

1093 2363 1196 2388 motus
1209 2355 1330 2386 medius
1339 2355 1467 2385 diurnus
1480 2355 1559 2384 Solis
1573 2354 1605 2384 in
1619 2352 1765 2384 mediocri
1776 2346 1920 2381 dia-ntis

1094 2409 1124 2434 a,
1152 2399 1186 2429 in
1214 2397 1358 2428 distantia
1385 2397 1491 2438 quavis
1518 2407 1537 2427 a
1565 2397 1605 2436 ὲ-
1630 2406 1650 2426 x
1677 2395 1705 2425 is
1732 2398 1835 2425 motus
1862 2390 1920 2422 erit

1149 2452 1167 2471 a

1098 2481 1224 2534 -ss——i
1247 2477 1290 2503 m,
1315 2477 1369 2498 seu
1394 2466 1428 2496 in
1450 2465 1559 2496 seriem
1574 2462 1750 2496 resolvendo
1763 2462 1844 2492 hanc
1864 2470 1920 2491 ex-

1094 2514 1112 2534 a
1171 2513 1193 2532 x

1095 2571 1282 2612 pressionem
1293 2571 1351 2602 en't
1364 2581 1397 2601 m
1412 2573 1452 2613 ζ
1460 2548 1512 2627 2⁸2
1525 2579 1566 2606 m.
1579 2569 1651 2601 hinc
1662 2567 1833 2611 differentia
1842 2566 1919 2599 inter

1098 2671 1219 2696 motum
1233 2664 1371 2696 medium
1386 2670 1417 2694 et
1430 2673 1536 2695 verum
1550 2662 1609 2694 erit
1628 2664 1669 2703 ὲ-
1682 2640 1734 2686 {3
1758 2672 1802 2700 m,
1828 2666 1860 2693 et
1883 2670 1922 2692 a

1097 2731 1220 2764 summa
1233 2725 1341 2763 earurn
1347 2731 1586 2762 differentiarum
1597 2700 1812 2762 conflaiiuntur
1819 2737 1923 2778 aqua:

1097 2777 1197 2807 tiones
1210 2775 1306 2806 centri
1320 2774 1415 2812 Solis;
1431 2773 1503 2804 cum
1517 2783 1592 2814 ergo
1606 2774 1793 2814 aequationes
1805 2780 1924 2813 apogoel

1419 2857 1431 2868 Α
1546 2858 1553 2864 .
1729 2835 1749 2862 5
1760 2841 1780 2861 x
1833 2834 1854 2862 8
1865 2838 1886 2859 x

1098 2866 1130 2891 et
1145 2861 1246 2891 Lunae
1260 2869 1298 2890 ex
1313 2868 1435 2890 summa
1448 2864 1653 2899 quantitatum
1673 2859 1714 2898 ss
1728 2874 1782 2881 —
1791 2867 1823 2898 g,
1835 2872 1881 2880 —
1902 2864 1924 2885 n

1742 2895 1762 2916 fl
1846 2893 1867 2918 ⁸

1099 2939 1248 2970 constent,
1265 2939 1355 2964 erunt
1367 2933 1435 2971 ,iste
1446 2934 1632 2974 aequationes
1646 2932 1744 2964 ubivis
1757 2932 1789 2962 in
1804 2928 1926 2970 punctis

1100 2975 1402 3015 correspondentibus
1425 2986 1480 3006 seu
1501 2976 1534 3006 in
1556 2975 1724 3017 aequalibus
1745 2976 1784 3006 ab
1803 2971 1926 3012 aphelio

1103 3018 1207 3049 Terrae
1221 3017 1371 3048 distantiis
1385 3017 1418 3047 in
1432 3018 1548 3048 ratione
1563 3017 1712 3048 constanti
1729 3021 1748 3047 3
1762 3026 1793 3057 g,
1817 3023 1847 3045 et
1869 3018 1888 3044 3
1904 3023 1926 3042 n

1099 3060 1141 3093 ad
1163 3064 1182 3091 2
1198 3070 1246 3091 m:
1279 3058 1410 3100 ideoque
1438 3067 1530 3091 erunt
1551 3061 1664 3101 ubique
1689 3057 1925 3099 proportionales

1101 3102 1322 3144 oequationibus
1335 3103 1431 3134 centri
1448 3103 1536 3134 Solis·
