2072 3522
114 270 519 324 L1BnnTnnrms.]
556 269 881 314 PRINCIPIA
912 269 1412 333 MATHEMATICA.
1753 277 1836 317 177

114 394 268 443 posset,
297 386 588 443 porrigebatur
617 385 672 427 ad
699 385 879 443 gradum
907 400 1040 443 usque
1067 385 1362 428 duodecimum
1388 387 1454 427 vel
1482 385 1609 442 paulo
1627 385 1759 428 ultra:
1791 394 1838 428 ut

116 475 243 516 supra
270 459 428 501 dictum
456 467 532 501 est.
593 458 678 501 Sed
697 466 740 500 et
770 459 872 500 Feb.
894 465 921 501 9
942 467 984 500 et
1006 464 1059 501 10
1079 459 1153 500 ubi
1173 466 1299 514 caput
1316 458 1441 500 nudis
1462 459 1744 501 oculis'videri
1764 458 1837 500 de-

115 533 252 582 sierat,
285 532 460 583 caudam
486 531 641 589 gradus
669 530 775 572 duos
803 531 972 588 longam
998 545 1075 586 per
1103 530 1373 587 telescopium
1401 531 1702 586 contemplatus
1730 546 1836 572 sum.

117 605 253 648 Porro
274 606 309 647 si
329 606 462 647 cauda
480 606 659 648 oriretur
677 620 732 647 ex
744 605 992 647 refractione
1005 605 1190 647 materiae
1205 605 1396 656 coelestis,
1413 613 1455 647 et
1466 620 1544 660 pro
1559 605 1694 663 figura
1710 606 1836 648 coelo-

115 692 211 719 rum
230 678 519 719 deflecteretur
537 677 591 718 de
614 676 723 719 Solis
745 677 1018 732 oppositione,
1040 676 1212 719 deberet
1227 676 1406 718 deflexio
1424 676 1496 718 illa
1514 677 1559 718 in
1578 677 1725 719 iisdem
1743 678 1838 719 coeli

115 751 356 808 regionibus
389 750 434 791 in
469 749 643 791 eandem
677 763 842 804 semper
868 756 1031 804 partem
1059 748 1164 790 fieri.
1225 749 1359 805 Atqui
1387 756 1549 790 cometa
1579 750 1679 790 anni
1712 755 1837 792 1680.

116 825 341 868 Decembr.'
363 829 432 866 28.
454 823 560 866 hora
589 826 643 877 8}
662 838 706 879 p.
726 838 783 865 m.
805 823 1002 874 Londini,
1023 824 1266 865 versabatur
1293 824 1337 865 in
1362 830 1398 866 Χ
1422 829 1495 867 83'.
1516 826 1598 866 41'.
1620 839 1716 867 cum
1745 825 1837 867 lati-

116 899 261 941 tudine
293 897 452 940 boreali
481 901 581 939 28⁹.
603 897 655 939 6'.
688 896 786 938 Sole
806 896 1008 938 existente
1041 897 1086 937 in
1113 900 1159 938 ΡΒ
1184 902 1281 938 18⁸³.
1309 898 1391 938 26‘.
1454 896 1511 939 Et
1545 907 1709 939 cometa
1740 898 1839 938 anni

121 974 245 1014 1577.
266 969 373 1012 Dec.
395 974 464 1011 29.
494 967 734 1010 versabatur
762 967 806 1008 in
830 974 866 1008 Χ
893 973 963 1009 8⁸¹.
986 969 1069 1009 41'.
1094 982 1190 1009 cum
1218 967 1436 1009 latitudine
1455 967 1614 1009 boreali
1634 973 1734 1010 28⁸¹.
1756 970 1838 1010 40'.

122 1041 224 1083 Sole
244 1040 369 1082 etiam
389 1040 590 1082 existente
609 1039 652 1079 in
671 1042 715 1081 ¹6²
742 1043 839 1081 18⁸¹.
861 1039 944 1081 26'.
966 1038 1142 1081 circiter.
1193 1039 1386 1096 Utroque
1409 1039 1454 1080 in
1474 1054 1573 1081 casu
1594 1040 1730 1082 Terra
1746 1055 1840 1082 ver-

117 1115 286 1157 sabatur
318 1115 362 1155 in
394 1113 540 1155 eodem
570 1113 678 1163 loco,
714 1121 756 1154 et
789 1120 951 1154 cometa
983 1112 1210 1167 apparebat
1243 1113 1287 1152 in
1320 1112 1465 1153 eadem
1495 1112 1589 1154 coeli
1619 1122 1765 1168 parte:
1795 1113 1841 1155 in

116 1188 248 1244 priori
266 1195 405 1229 tamen
425 1201 523 1228 casu
543 1186 676 1227 cauda
695 1193 869 1226 cometae
890 1188 963 1240 (ex
981 1185 1085 1226 meis
1105 1193 1147 1226 et
1166 1184 1343 1226 aliorum
1370 1183 1746 1238 observationibus)
1768 1186 1842 1228 de-

118 1263 298 1305 clinabat
325 1260 480 1319 angulo
507 1260 714 1318 graduum
743 1262 798 1312 42}
829 1259 884 1300 ab
913 1258 1175 1315 oppositione
1207 1259 1315 1301 Solis
1337 1258 1574 1315 aquilonem
1592 1274 1765 1310 versus;
1797 1259 1843 1301 in

117 1335 346 1391 posteriore
364 1333 465 1375 vero
486 1336 556 1388 (ex
576 1331 932 1373 observationibus
954 1330 1185 1386 Tychonis)
1207 1329 1428 1372 declinatio
1447 1337 1536 1371 erat
1554 1330 1763 1387 graduum
1784 1335 1834 1372 21

78 1448 81 1449 ⁷
118 1408 169 1449 in
191 1415 390 1449 austrum.
451 1405 586 1462 Igitur
613 1404 828 1459 repudiata
858 1404 1060 1445 coelorum
1089 1403 1348 1454 refractione,
1380 1411 1567 1458 superest
1593 1410 1640 1445 ut
1666 1403 1842 1459 phaeno-

118 1494 242 1521 mena
261 1478 487 1520 caudarum
507 1492 563 1519 ex
582 1476 754 1518 materia
774 1476 912 1532 aliqua
932 1476 1070 1518 lucem
1090 1477 1326 1519 reflectente
1346 1476 1597 1518 deriventur.

178 1550 345 1593 caudas
375 1557 515 1591 autem
533 1565 560 1591 a
578 1548 782 1604 capitibus
802 1548 903 1589 oriri
924 1556 966 1590 et
985 1548 1029 1589 in
1049 1548 1240 1605 regiones
1268 1563 1294 1589 a
1322 1547 1420 1590 Sole
1439 1562 1602 1589 aversas
1622 1547 1845 1590 ascendere

121 1624 395 1666 confirmatur
431 1623 482 1679 (¹¹)
517 1638 572 1664 ex
602 1622 764 1680 legibus
793 1637 895 1678 quas
923 1622 1158 1664 observant.
1219 1622 1282 1665 Ut
1310 1622 1427 1680 quod·
1448 1623 1492 1664 in
1518 1622 1653 1678 planis
1680 1622 1847 1665 orbium

121 1705 380 1739 cometarum
397 1712 474 1752 per
497 1697 638 1739 Solem
656 1696 963 1739 transeuntibus
977 1697 1176 1753 jacentes,
1193 1696 1360 1739 deviant
1379 1697 1432 1738 ab
1452 1697 1714 1753 oppositione
1737 1697 1846 1740 Solis

121 1771 164 1812 in
185 1786 254 1813 eas
275 1785 439 1826 semper
457 1777 609 1825 partes,
628 1784 730 1825 quas
748 1768 884 1825 capita
903 1769 947 1810 in
967 1769 1137 1811 orbibus
1156 1769 1237 1811 illis
1263 1769 1573 1827 progredientia
1591 1769 1844 1826 relinquunt.

125 1841 255 1893 Quod
289 1841 511 1897 spectatori
543 1842 588 1882 in
621 1839 687 1882 his
720 1840 856 1896 planis
887 1839 1113 1883 constituto
1147 1849 1350 1897 apparent
1381 1841 1425 1882 in
1462 1839 1651 1896 partibus
1685 1855 1711 1881 a
1748 1840 1847 1883 Sole

167 1954 216 1997 (²)
236 1958 305 1987 164.
326 1957 343 1975 ⁸
361 1956 412 1986 Ex
431 1957 544 1995 legibus
558 1965 633 1995 qum
648 1956 813 1985 observant.
863 1953 966 1994 Leges

124 1997 189 2028 illae
202 2008 280 2038 quas
293 1998 454 2028 observant
468 2003 657 2028 cometarum
672 1996 780 2027 caudae
794 2006 868 2026 cum
886 2007 966 2035 prae-

124 2039 208 2071 dicta
241 2040 389 2072 Newtoni
419 2038 573 2070 sententia
605 2039 744 2078 apprime
775 2045 964 2079 congruunt.

129 2082 238 2114 Cauda
251 2093 269 2113 a
285 2087 415 2113 cometae
429 2082 528 2121 capite
546 2082 669 2122 vaporis
689 2082 786 2112 instar
807 2081 840 2111 in
854 2081 964 2118 altum,

125 2124 158 2156 id
173 2133 228 2162 est,
243 2125 278 2156 iu
292 2131 393 2164 partes
407 2136 426 2156 a
437 2125 508 2156 Sole
516 2134 634 2155 aversas
645 2134 810 2165 assurgens
823 2123 856 2153 in
872 2123 966 2162 plano

125 2168 208 2199 orbis
222 2173 351 2199 cometae
366 2178 422 2207 per
434 2167 537 2198 Solem
552 2172 732 2198 transeunte
741 2167 844 2207 jacere
855 2166 965 2204 debet3

126 2211 162 2242 in
175 2211 289 2242 aethere
303 2210 387 2241 enim
395 2210 501 2250 quieto
516 2210 603 2240 nulla
613 2215 659 2240 est
673 2210 751 2239 ratio
765 2219 820 2239 cur
830 2208 871 2239 ad
883 2209 965 2239 hanc

126 2253 231 2293 potius
249 2252 343 2294 quam
366 2253 407 2284 ad
429 2253 518 2283 illam
538 2258 656 2292 partem
679 2251 830 2282 deflectat.
880 2251 966 2287 Quia

127 2301 232 2327 autem
253 2306 347 2335 vapor
367 2306 387 2326 a
400 2296 500 2335 capite
520 2296 626 2325 exiens
646 2294 726 2325 duos
746 2301 850 2325 motus
871 2293 966 2324 simul

128 2338 296 2378 componit,
319 2338 453 2369 alterum
467 2338 584 2369 scilicet
597 2347 742 2368 ascensus
755 2337 831 2367 recti
845 2347 864 2367 a
881 2336 962 2374 Sole,

128 2380 262 2412 alterum
277 2381 350 2412 vero
364 2391 542 2422 progressus
556 2380 673 2419 capitis,
688 2379 761 2410 hinc
773 2380 807 2410 fit
817 2385 854 2410 ut
868 2379 967 2410 cauda

129 2433 194 2454 non
214 2424 329 2455 directe
349 2434 369 2454 a
385 2423 457 2454 Sole
478 2433 582 2454 aversa
592 2423 641 2460 sit,
662 2422 717 2453 sed
737 2422 965 2463 aliquantulum

129 2465 204 2497 inde
224 2466 325 2497 deviet
346 2466 380 2496 in
401 2476 452 2497 eas
474 2472 574 2505 partes
587 2475 665 2506 quas
678 2471 806 2495 cometae
820 2471 914 2504 caput
933 2465 968 2494 iu

130 2509 205 2540 orbe
223 2519 282 2540 suo
295 2508 495 2550 progrediens
507 2508 675 2548 relinquit;
691 2507 717 2537 si
731 2513 835 2538 tamen
850 2514 968 2546 specta-

131 2557 181 2582 tor
193 2551 226 2581 in
241 2553 324 2583 orbis
337 2551 479 2583 cometici
494 2551 587 2591 plano
600 2560 656 2590 per
671 2549 775 2581 Solem
790 2556 969 2580 transeunte

131 2594 345 2632 constituatur,
361 2593 494 2625 deviatio
507 2592 616 2624 caudae
629 2592 811 2633 neutiquam
826 2592 969 2629 sentitur,

131 2635 206 2677 quia
216 2642 284 2667 tota
297 2637 331 2667 iu
343 2637 438 2676 plano
452 2637 511 2667 isto
520 2636 613 2676 jacet.
659 2635 750 2665 Licet
763 2645 858 2674 vapor
867 2644 969 2665 assur-

131 2688 210 2720 gens
234 2685 354 2710 motum
379 2679 488 2719 cupitis
511 2678 681 2718 participet,
711 2683 817 2708 tamen
844 2683 970 2717 propter

132 2720 299 2762 aliqualem
321 2722 443 2752 aetheris
462 2720 677 2757 resistentiam,
703 2719 809 2750 minus
828 2719 974 2751 velociter

133 2762 230 2804 quam
252 2770 346 2803 caput
373 2764 476 2803 ipsum
503 2763 709 2804 progreditur,
739 2767 771 2793 et
794 2772 858 2803 quo
880 2762 974 2792 altius

133 2805 272 2837 ascendit
291 2816 386 2845 vapor
405 2805 443 2837 οό
463 2806 501 2837 fit
513 2807 620 2843 rarior,
642 2805 675 2836 id
694 2811 751 2842 est,
773 2815 837 2845 quo
851 2805 974 2845 longior

134 2855 182 2879 est
209 2848 308 2879 cauda
335 2848 374 2879 eo
400 2849 549 2890 majorem
577 2848 734 2888 experitur
757 2847 971 2884 resistentiam,

134 2889 269 2931 ideoque
296 2891 473 2930 praecedens
497 2891 604 2922 caudae
631 2891 722 2926 latus,
748 2890 835 2931 quod
859 2889 975 2920 scilicet

134 2933 296 2974 proximus
317 2939 364 2964 est
390 2934 528 2974 partibus
554 2933 596 2965 ad
618 2943 695 2974 quas
718 2932 819 2964 tendit
843 2939 972 2968 cometa,

135 2986 310 3007 convexum
324 2976 391 3013 erit,
414 2986 544 3016 sequens
557 2975 630 3007 vero
643 2985 823 3011 concavum,
847 2985 884 3005 ac
902 2984 974 3014 pro-

135 3018 210 3050 inde
231 3018 331 3049 eauda
351 3027 416 3048 non
430 3028 450 3049 a
472 3018 545 3049 Sole
558 3018 710 3050 duntaxat
724 3028 829 3049 aversa
842 3023 898 3052 ost,
921 3016 977 3047 sed

136 3061 230 3091 etiam
251 3061 439 3091 incurvatur.
487 3060 570 3091 Haec
584 3071 603 3092 a
627 3061 699 3093 Sole
712 3060 848 3092 deviatio
861 3066 893 3090 et
907 3069 978 3090 cur-

137 3108 246 3133 vatura
255 3102 294 3134 eo
304 3103 407 3134 minor
417 3109 463 3134 est
472 3101 536 3144 quo
550 3109 633 3134 recta
645 3103 750 3134 Solem
762 3109 976 3143 cometamque

138 3145 331 3187 conjungens
352 3145 506 3187 obliquior
519 3151 565 3177 est
578 3145 619 3177 ad
632 3151 760 3178 cometae
775 3145 927 3184 orbitam;
950 3145 976 3175 si

1007 1953 1091 1987 enim
1112 1958 1234 1985 cometa
1250 1952 1365 1985 directe
1386 1963 1406 1984 a
1427 1953 1499 1985 Sole
1518 1954 1568 1984 vel
1587 1953 1629 1985 ad
1652 1954 1758 1986 Solem
1778 1960 1848 1985 ten-

1008 1995 1104 2031 deret,
1121 1995 1219 2027 cauda
1233 2006 1357 2037 quoque
1370 1997 1451 2027 foret
1469 2002 1553 2027 recta
1566 2002 1598 2026 et
1611 2007 1631 2027 a
1647 1997 1719 2028 Sole
1733 1996 1848 2028 directe

1008 2048 1124 2069 aversa.
1171 2039 1262 2069 Hinc
1289 2044 1373 2078 patet
1394 2039 1429 2069 in
1458 2038 1527 2078 ipso
1547 2045 1677 2070 eometae
1699 2039 1848 2079 perihelio

1006 2081 1176 2111 maximam
1190 2091 1255 2112 ease
1269 2081 1377 2112 caudae
1396 2081 1601 2112 deviationem
1616 2082 1847 2123 maximamque

1007 2130 1224 2161 curvaturam3
1240 2130 1315 2155 tunc
1330 2124 1414 2154 enim
1428 2130 1512 2155 recta
1529 2124 1632 2155 Solem
1647 2132 1678 2155 et
1693 2131 1848 2155 cometam

1009 2166 1250 2207 conjungensad
1262 2167 1368 2196 orbem
1377 2173 1507 2197 cometae
1518 2167 1665 2196 normalis
1676 2174 1732 2198 est.
1761 2168 1848 2198 Prae-

1006 2207 1090 2239 terea
1117 2210 1159 2239 ob
1187 2208 1367 2248 praedietam
1401 2208 1475 2239 licet
1502 2208 1672 2239 admodum
1701 2210 1848 2250 exiguam

1007 2250 1130 2281 aetheris
1157 2251 1372 2288 resistentiam,
1402 2261 1539 2281 convexa
1565 2251 1674 2282 caudae
1697 2252 1790 2282 facies
1814 2252 1848 2282 in

1007 2294 1153 2324 aetherem
1174 2293 1334 2323 incurrens
1348 2293 1472 2323 densior
1485 2299 1541 2330 est,
1563 2303 1600 2323 ac
1618 2294 1748 2332 proinde
1769 2294 1848 2325 luci-

1007 2335 1076 2367 dior
1085 2342 1117 2366 et
1127 2335 1301 2366 distinctius
1311 2335 1474 2366 terminata
1483 2336 1641 2375 apparebit
1651 2336 1746 2376 quam
1754 2337 1850 2368 facies

1008 2388 1151 2409 concava.
1194 2379 1276 2409 Haec
1287 2384 1360 2408 sunt
1375 2378 1531 2418 praecipua
1539 2377 1708 2409 caudarum
1723 2380 1849 2421 pbaeno-

1009 2431 1102 2451 mena
1123 2421 1236 2462 quibus
1257 2421 1404 2451 satisfacit
1427 2421 1574 2451 Newtoni
1595 2421 1710 2460 opinio.
1760 2423 1849 2453 Hinc

1010 2463 1125 2495 caudas
1153 2474 1173 2494 a
1197 2464 1348 2503 capitibus
1372 2463 1446 2493 oriri
1470 2470 1501 2494 et
1522 2463 1555 2493 in
1575 2464 1717 2504 regiones
1737 2475 1757 2495 a
1777 2464 1851 2495 Sole

1011 2517 1130 2537 aversas
1152 2507 1317 2537 ascendere
1340 2505 1541 2537 confirmatur
1563 2515 1602 2536 ex
1630 2505 1752 2548 legibus
1773 2517 1851 2548 quas

1010 2550 1182 2580 observant.

1058 2594 1127 2623 165.
1166 2590 1338 2631 Descriptis
1367 2590 1564 2630 opinionibus
1591 2591 1632 2622 de
1660 2600 1852 2623 cometarum

1012 2633 1120 2665 caudis
1142 2634 1344 2676 adjungenda
1365 2640 1411 2664 est
1431 2634 1486 2664 illa
1500 2644 1594 2674 quam
1615 2634 1728 2665 clariss.
1750 2635 1793 2665 D.
1812 2636 1853 2666 de

1014 2677 1139 2708 Mairan
1161 2677 1195 2707 in
1216 2677 1331 2707 eximio
1349 2676 1452 2716 Opere
1466 2676 1506 2707 de
1524 2675 1648 2708 Aurora
1666 2677 1790 2708 Boreali
1803 2678 1854 2708 his

1015 2726 1122 2750 tuetur
1134 2719 1291 2750 rationum
1305 2719 1481 2749 momentis-
1532 2720 1677 2750 Cometas
1691 2720 1730 2750 ad
1749 2720 1855 2751 Solem

1015 2761 1156 2800 proxime
1164 2762 1308 2792 accedere
1318 2761 1579 2793 observationibus
1588 2769 1780 2800 compertum
1789 2769 1854 2801 est;

1015 2804 1089 2835 hinc
1111 2804 1327 2835 Newtonianae
1341 2803 1538 2834 attractionis*
1550 2805 1673 2845 legibus
1692 2812 1855 2836 consenta-

1015 2856 1112 2878 neum
1140 2847 1262 2878 videtur
1289 2852 1326 2877 ut
1353 2846 1490 2887 aliquam
1510 2846 1620 2878 solaris
1643 2849 1856 2887 atmosphaerae

1015 2889 1176 2920 materiam
1198 2895 1319 2920 cometa
1338 2889 1478 2919 attrahat.
1529 2890 1596 2920 Cur
1609 2896 1713 2920 autem
1729 2891 1858 2922 materia

1016 2932 1084 2962 haec
1102 2932 1197 2963 instar
1219 2941 1317 2963 comae
1343 2937 1435 2962 vento
1456 2931 1580 2972 agitatae
1608 2931 1801 2974 dispergatur
1826 2940 1858 2964 et

1018 2974 1060 3004 ad
1077 2974 1156 3005 Solis
1177 2975 1353 3014 oppositum
1369 2974 1531 3014 dirigatur,
1553 2983 1590 3004 ex
1606 2974 1763 3006 radiorum
1777 2976 1856 3006 sola-

1018 3017 1101 3047 rium
1122 3017 1310 3057 impulsione
1335 3016 1407 3046 oriri
1431 3022 1540 3055 potest.
1599 3017 1749 3049 Plurimis
1773 3019 1859 3049 enim

1020 3059 1238 3098 experimentis
1252 3065 1370 3090 certum
1383 3065 1429 3089 est
1439 3058 1552 3090 solares
1562 3060 1665 3090 radios
1674 3061 1760 3091 omni
1772 3070 1860 3100 pror-

1019 3112 1072 3132 sus
1093 3102 1289 3142 impulsionis
1309 3101 1341 3131 vi
1362 3111 1427 3131 non
1448 3111 1561 3133 carere.
1609 3103 1733 3135 Clariss-
1754 3104 1860 3134 Hom-

1018 3144 1144 3186 bergius
1157 3145 1240 3176 varia
1253 3143 1391 3176 materiae
1412 3144 1575 3176 levissimae
1589 3145 1747 3177 filamenta
1766 3146 1861 3177 radiis

959 3197 1094 3231 M4'
