2072 3522
239 242 263 278 8
614 233 1058 278 PHILOSOPHIAE
1089 233 1448 278 NATURALIS
1506 234 1599 287 [DE
1622 234 1784 278 Mum).
1808 234 1931 277 Sim-r.¹

301 347 411 390 Haec
439 349 577 390 omnia
597 349 654 391 ita
672 364 715 391 se
734 349 899 400 habent,
930 364 984 391 ex
1012 349 1231 405 hypothesi
1251 348 1363 405 quod
1385 349 1457 391 Sol
1477 357 1520 391 et
1540 349 1673 391 Terra
1701 349 1928 406 quiescunt,

244 429 285 462 et
304 421 426 464 Luna
445 429 628 476 tempore
657 422 853 478 synodico
874 421 1034 463 dierum
1054 426 1120 465 27.
1142 421 1233 462 hor.
1257 421 1295 465 7.
1315 421 1414 462 min.
1437 427 1504 463 43.
1526 420 1758 469 revolvitur.
1821 418 1930 461 cum

243 501 380 536 autem
398 495 591 549 periodus
612 494 806 550 synodica
824 494 977 535 lunaris
999 493 1092 534 vere
1114 493 1165 533 sit
1185 492 1345 534 dierum
1366 498 1434 535 29.
1454 493 1544 534 hor.
1570 498 1634 534 12.
1667 501 1708 534 et
1738 491 1836 532 min.
1859 483 1928 531 44'.
1953 546 1955 549 .

243 566 385 622 augeri
404 559 555 608 debent
583 575 882 607 momentorum
904 566 1155 607 incrementa
1173 566 1215 606 in
1236 566 1393 607 ratione
1413 565 1622 620 temporis,
1642 564 1686 606 id
1705 573 1779 614 est,
1801 564 1843 605 in
1863 578 1929 604 ra-

242 638 354 680 tione
375 645 566 682 1080853
589 640 641 681 ad
666 646 871 682 1000000.
933 638 1032 680 Hoc
1061 646 1182 692 pacto
1201 638 1496 679 incrementum
1526 645 1670 687 totum,
1701 635 1813 693 quod
1841 642 1929 677 erat

243 725 339 766 pars
353 712 484 765 -sfflg
498 712 695 754 momenti
708 712 938 762 mediocris,
950 712 1036 766 jam
1472 712 1475 713 ⁷

245 784 316 824 fiet
335 783 515 839 ejusdem
534 798 629 838 pars
649 783 790 836 l—ffigg.
852 782 1039 838 Ideoque

245 863 497 896 momentum
511 869 617 896 areae
632 857 674 895 in
687 853 934 910 quadratura
950 853 1037 894 Lu-

244 940 310 967 nae
325 926 403 967 erit
421 927 474 968 ad
493 928 578 982 ejus
596 935 846 968 momentum
862 926 904 966 in
921 941 1038 982 syzy-

242 998 310 1055 gia
323 1007 369 1040 ut
384 1005 520 1041 1102ss
538 1024 594 1031 —
608 1004 662 1041 50
678 998 731 1040 ad
747 1003 883 1041 11023
904 1003 946 1046 -1-
967 1003 1036 1046 50,

243 1085 314 1112 seu
352 1076 486 1115 10973
522 1072 574 1113 ad
609 1076 757 1122 11078,
794 1079 835 1112 et
866 1071 919 1112 ad
948 1072 1035 1126 ejus

241 1151 508 1193 momentum,
540 1144 611 1185 ubi
633 1144 754 1184 Luna
773 1144 816 1183 in
836 1143 916 1183 alio
937 1157 1038 1198 quo·
1103 1196 1106 1201 ἱ

241 1213 300 1254 vis
319 1213 412 1255 loco
440 1215 684 1257 intermedio
706 1216 742 1257 P
762 1223 959 1265 versatur,
993 1223 1039 1256 ut

245 1289 381 1329 10973
414 1286 467 1327 ad
502 1291 637 1331 10973
666 1293 708 1335 -1-
737 1286 773 1327 P
792 1286 833 1336 11,
863 1286 907 1340 (t)
930 1286 1038 1327 exis-

239 1361 351 1396 tente
370 1355 559 1398 videlicet
581 1357 621 1398 T
643 1357 679 1397 P
698 1356 847 1412 aequali
870 1362 963 1398 100.

297 1426 410 1467 Area
424 1426 561 1483 igitur,
579 1440 703 1482 quam
715 1426 837 1467 Luna
851 1426 968 1467 radio
984 1425 1038 1467 ad

241 1495 416 1537 Terram
436 1496 561 1538 ducto
581 1497 750 1554 singulis
780 1498 976 1552 temporis
996 1497 1206 1552 particulis
1231 1497 1456 1553 aequalibus
1475 1498 1682 1550 describit,
1714 1506 1777 1540 est
1804 1511 1930 1555 quam

237 1567 426 1622 proxime
457 1569 509 1624 (¹¹)
540 1577 586 1612 ut
615 1584 774 1611 summa
793 1570 954 1612 numeri
974 1574 1127 1619 219,46
1159 1577 1199 1610 et
1229 1568 1342 1612 sinus
1363 1571 1469 1611 versi
1489 1570 1709 1625 duplicatae
1728 1571 1932 1614 distantiae

240 1640 374 1682 Lunae
394 1657 419 1682 a
438 1642 686 1698 quadratura
705 1643 909 1698 proxima,
930 1643 974 1683 in
995 1642 1148 1683 circulo
1167 1643 1282 1697 cujus
1298 1642 1437 1683 radius
1457 1650 1517 1684 est
1537 1643 1684 1684 unitas.
1746 1644 1856 1685 Haec
1875 1644 1933 1684 ita

239 1727 282 1754 se
302 1713 457 1756 habent
476 1716 547 1757 ubi
566 1716 735 1758 variatio
764 1717 807 1757 in
837 1715 1067 1757 octantibus
1088 1722 1151 1756 est
1171 1713 1462 1771 magnitudinis
1481 1714 1711 1756 mediocris.
1772 1716 1825 1771 (¹)
1858 1715 1932 1758 Sin

289 1847 333 1889 (ἵ)
361 1849 379 1868 *
407 1849 562 1879 Existente
587 1850 719 1880 videlicet
749 1850 778 1879 T
798 1849 829 1878 Ρ
852 1846 963 1887 oequah'
980 1848 1058 1876 100:
1148 1843 1197 1886 (¹)
1224 1846 1243 1864 '⁸'
1273 1846 1342 1874 11-2.
1381 1845 1437 1875 Sin
1461 1844 1586 1875 variatio
1611 1844 1652 1874 ihi
1676 1843 1775 1883 mqy‘or
1798 1844 1845 1878 sit,
1871 1843 1930 1876 ἃς.

237 1889 375 1930 sequitur
388 1899 426 1920 ex
440 1891 683 1929 praecedentibus
693 1890 776 1931 quod
789 1888 869 1919 illud
879 1887 962 1929 quod
974 1887 1064 1918 debet
1107 1886 1256 1917 Manente
1283 1884 1392 1916 eadem
1418 1885 1589 1925 hypothesi,
1616 1885 1718 1916 Lunae
1739 1886 1849 1918 orbem
1868 1895 1934 1916 esse

237 1931 309 1962 addi
324 1931 364 1962 ad
378 1938 572 1962 momentum
586 1933 751 1963 minimum
770 1934 873 1964 10978
886 1935 931 1961 eet
945 1929 986 1960 811
1003 1933 1064 1960 100
1105 1928 1284 1960 circularem
1298 1934 1330 1958 et
1344 1928 1471 1959 Lunam
1485 1928 1578 1961 aliam
1592 1937 1656 1958 non
1676 1928 1739 1967 pati
1754 1927 1932 1968 irregulari-

237 1979 274 2004 ut
287 1980 332 2004 est
348 1974 377 2005 P
390 1973 412 2004 d
426 1974 466 2004 ad
483 1974 510 2005 P
527 1975 565 2012 T,
581 1975 607 2005 si
621 1985 694 2015 ergo
711 1974 740 2005 P
756 1974 786 2005 T
799 1974 839 2004 sit
858 1971 984 2013 aequalis
1003 1981 1063 2002 nu·
1106 1977 1200 2001 tatem
1215 1977 1324 2010 praeter
1337 1980 1405 2001 eam
1419 1980 1490 2011 quae
1504 1971 1542 2001 ab
1557 1968 1596 2000 ea
1609 1975 1695 2009 parte
1707 1968 1837 2001 'actionis
1854 1970 1934 2001 Solis

238 2025 323 2046 mero
341 2020 400 2047 100
415 2017 472 2047 erit
489 2017 518 2048 P
528 2017 548 2047 d
563 2017 689 2058 aequalis
702 2016 749 2047 illi
764 2025 894 2047 numero
906 2014 960 2055 qui
974 2013 1064 2046 debet
1106 2012 1240 2044 nascitur
1253 2023 1323 2053 quae
1337 2023 1391 2053 per
1404 2013 1518 2044 lineam
1535 2012 1564 2043 E
1581 2012 1610 2043 L
1625 2011 1814 2053 designatur,
1835 2012 1932 2043 varia-

238 2057 310 2088 addi
325 2058 364 2088 ad
379 2059 526 2089 momenti
541 2059 662 2090 minimi
677 2059 821 2090 valorem.
1107 2056 1150 2085 tio
1167 2055 1268 2086 Lunae
1282 2056 1340 2086 erit
1362 2065 1451 2086 arcus
1463 2055 1650 2093 interceptus
1671 2054 1752 2085 inter
1774 2053 1878 2085 locum
1898 2054 1932 2085 in

282 2099 328 2141 (¹¹)
351 2103 368 2120 ⁸*
392 2102 434 2132 Ut
447 2112 569 2133 summa
583 2104 704 2133 numeri
720 2105 835 2136 219,46
849 2106 878 2131 et
891 2098 976 2131 simis
989 2100 1066 2130 versi
1107 2107 1169 2138 quo
1182 2097 1276 2129 Luna
1289 2108 1354 2129 esse
1367 2097 1490 2129 deberet
1503 2097 1530 2127 si
1544 2097 1704 2128 velocitate
1715 2095 1773 2127 sua
1785 2095 1932 2128 mediocri

238 2144 399 2182 duplicatae
407 2144 556 2175 distantioe
567 2145 671 2175 Lume
685 2155 704 2174 a
719 2141 909 2184 quadratura

235 2183 374 2225 praa-ima
387 2186 422 2217 in
433 2187 545 2217 circulo
559 2186 648 2226 cujus
661 2187 766 2217 radius
780 2191 822 2216 est
837 2186 908 2216 uni-

239 2233 306 2263 tas.·
329 2237 408 2258 areae
422 2233 616 2258 momentum
635 2227 668 2258 in
689 2233 805 2267 puncto
822 2227 849 2257 P
863 2233 909 2257 est

240 2275 277 2299 ut
294 2273 395 2301 10973
411 2270 453 2312 -ᾖ-
473 2270 501 2300 P
512 2269 543 2307 d,
560 2277 605 2301 est
619 2276 723 2301 autem
740 2269 768 2299 P
782 2269 804 2299 d
817 2269 909 2299 dimi-

240 2310 327 2342 dium
360 2311 445 2342 sinus
459 2322 562 2342 versus
575 2312 738 2351 duplicatae
758 2311 909 2342 distantiae

242 2353 344 2384 Lunae
358 2364 377 2384 a
390 2353 576 2393 quadratura
584 2352 732 2394 proxima,
744 2363 816 2384 nam
826 2353 910 2385 dica·

240 2401 292 2425 tur
314 2396 347 2426 N
368 2403 520 2435 punctum
543 2397 575 2426 in
597 2407 659 2437 quo
680 2396 761 2426 linea
785 2395 813 2427 P
829 2395 862 2426 K
879 2395 909 2426 L

241 2444 323 2468 secat
331 2437 490 2472 circulum,
504 2438 560 2468 erit
569 2448 656 2469 arcus
669 2439 697 2469 P
712 2439 738 2469 C
752 2438 783 2469 N
795 2437 909 2477 duplus

241 2480 393 2511 distantiae
417 2480 445 2510 P
462 2481 488 2511 C
510 2491 530 2511 a
550 2479 736 2522 quadratura
760 2479 907 2520 proxima,

241 2521 394 2563 ductaque
410 2522 443 2553 N
452 2532 474 2552 n
488 2523 730 2563 perpendiculari
744 2523 778 2553 111
787 2521 909 2553 radium

245 2565 273 2596 P
290 2565 319 2596 T
341 2564 399 2595 erit
424 2565 452 2596 P
467 2575 489 2595 n
511 2565 597 2596 sinus
621 2575 724 2596 versus
746 2563 909 2604 duplicatae

241 2606 326 2638 illius
346 2606 507 2644 distantiae,
531 2608 584 2638 sed
598 2606 671 2638 cum
693 2608 727 2638 N
741 2617 763 2637 n
783 2612 815 2637 et
838 2606 872 2637 K
885 2606 909 2637 d

243 2649 303 2679 sint
313 2649 580 2689 perpendiculares
593 2650 626 2680 in
641 2649 780 2681 eamdem
794 2649 908 2680 lineam

240 2689 372 2733 ide6que
395 2691 557 2731 parallelae,
583 2699 614 2723 et
638 2692 677 2723 sit
696 2697 847 2732 punctum
874 2691 909 2722 K

219 2734 380 2766 :medium
393 2734 484 2764 lineae
501 2734 529 2765 P
547 2735 588 2772 N,
603 2734 760 2765 eritetiam
775 2733 797 2765 d
810 2733 908 2765 medi-

242 2786 298 2806 um
311 2776 401 2807 lineae
430 2776 458 2807 P
472 2786 504 2814 n,
522 2777 639 2818 eritque
656 2777 684 2808 P
698 2775 720 2807 d
732 2789 778 2807 =
792 2776 815 2818 ᾖ
831 2776 860 2807 P
874 2786 906 2814 n,

242 2818 306 2848 sive
320 2818 377 2849 erit
393 2818 421 2849 P
435 2818 455 2849 d
470 2818 634 2850 dimidium
656 2817 740 2850 sinus
760 2818 836 2850 versi
850 2818 909 2850 du-

242 2859 362 2899 plicatae
383 2860 534 2892 distantiae
564 2862 665 2893 Lunae
685 2872 705 2893 a
723 2859 911 2903 quadratura

242 2899 391 2941 proxima,
413 2909 458 2933 est
477 2913 550 2945 ergo
570 2909 762 2936 momentum
782 2913 861 2934 areae
885 2910 922 2935 ut
945 2914 1067 2936 summa
1108 2911 1281 2937 moveretur
1300 2912 1437 2945 tempore
1457 2905 1530 2937 dato
1547 2906 1573 2937 C
1591 2906 1628 2943 P,
1652 2911 1683 2937 et
1704 2907 1807 2937 locum
1820 2905 1854 2937 in
1867 2915 1929 2947 quo

243 2944 366 2974 numeri
392 2948 492 2977 10975
516 2946 559 2988 4
587 2946 610 2988 ᾖ
628 2946 656 2978 P
677 2956 697 2977 n
720 2946 867 2977 existente
885 2947 970 2978 radio
995 2951 1065 2985 100,
1108 2946 1213 2979 revera
1234 2954 1280 2979 est
1303 2954 1378 2979 tunc
1400 2948 1553 2988 temporis,
1578 2949 1666 2989 cujus
1687 2948 1812 2990 quidem
1832 2947 1929 2979 varia-

244 2996 299 3016 aeu
317 2991 353 3016 ut
366 2987 459 3028 hujus
473 2988 650 3027 quantitatis
672 2987 802 3027 duplum
824 2992 929 3020 21946
943 2990 986 3032 -Ι-
1003 2990 1031 3021 P
1045 3000 1066 3020 n
1109 2990 1200 3020 tionis
1214 2990 1403 3021 conditiones
1423 3000 1460 3021 ex
1482 2990 1667 3029 problemate
1681 2991 1817 3032 sequenti
1834 2999 1927 3029 expo-

245 3026 376 3069 ide6que
390 3031 414 3059 si
431 3029 533 3060 radias
547 3031 584 3061 sit
603 3034 615 3060 1
634 3038 669 3061 ut
685 3035 799 3068 ‘219‚46
815 3031 858 3073 -Ι-
879 3031 906 3061 Ρ
921 3043 951 3063 η.
1110 3042 1182 3063 nere
1196 3033 1283 3063 facile
1297 3033 1362 3063 erit.
1909 3033 1925 3046 ⁶
