2072 3522
144 264 294 307 Lmen
309 262 549 316 Tannum]
584 264 905 308 PRINCIPIA
939 262 1435 308 MATHEMATICA.

141 375 286 415 mun-'u
299 373 379 405 inter
388 373 629 405 observationem
644 375 778 415 primam
789 381 821 406 et
835 386 976 407 momen-

1778 267 1860 308 157

1023 376 1054 407 0
1079 376 1133 415 ἶς’.
1181 375 1307 407 Deinde
1329 376 1363 406 in
1384 375 1542 417 triangulo
1565 376 1598 406 R
1619 376 1649 408 O
1669 374 1721 414 ἲς,
1744 375 1859 406 dantur

141 426 211 451 tum
225 427 289 459 quo
300 423 422 448 comen
434 416 475 448 ad
489 417 608 448 nodum
620 421 662 461 „q
678 418 814 467 appellit,
830 419 869 448 ad
883 419 978 450 inter-
1017 419 1115 451 latera
1129 418 1210 451 circa
1223 426 1344 450 rectum
1361 418 1392 450 Ο
1407 419 1439 449 Β.
1453 426 1485 450 et
1501 420 1532 450 0
1551 417 1604 458 ἶς’,
1619 418 1751 460 ideoque
1766 424 1861 450 notus

142 463 260 494 vallum
273 460 422 499 temporis
442 459 525 490 inter
803 462 936 500 primam
947 467 981 493 et

142 500 263 536 tertiam
284 508 322 534 ut
346 511 417 533 area
441 505 513 544 rgl
534 502 565 538 S,
590 503 630 535 ad
653 513 758 534 aream
782 503 903 541 RSr3
925 505 982 535 sed

140 555 283 578 arearum
296 555 313 575 r
324 548 365 587 gz-
379 545 411 582 S,
430 545 463 575 R
476 547 498 576 S
506 555 533 581 r,
548 551 622 578 nota
635 552 682 577 eet
695 546 773 576 ratio
787 548 855 588 (per
866 547 981 578 Theor-

142 591 204 622 1v.
223 591 263 620 de
277 591 380 628 parab.
401 588 450 618 vel
471 597 560 618 num·
580 588 670 629 142.)
692 594 805 620 notum
824 589 921 630 igitur
934 594 982 620 est

140 639 270 672 tempus
288 641 352 672 quo
374 635 507 671 cometa.
521 631 642 662 nodum
671 634 726 674 εἰ,
752 638 847 662 tenet.
905 631 982 662 Pari

139 677 235 706 modo
258 673 424 705 innotescit
444 679 570 712 tempus
589 684 652 715 quo
664 679 786 706 cometa
799 673 840 705 ad
861 673 981 705 nodum

141 717 274 749 alterum
291 716 333 756 ’δ’
349 715 490 756 appellit.

185 806 256 834 148.
271 802 390 834 Iisdem
403 800 610 839 manentibus,
622 800 878 833 determinabitur
891 801 981 833 incli-

140 846 227 877 natio
241 846 326 886 plani
341 842 521 883 trajectoriae
534 844 574 875 ad
587 845 718 884 planum
735 844 893 883 eclipticae.
927 846 981 876 Ex

140 895 258 928 puncto
276 889 306 920 O
321 886 361 916 ad
378 886 420 925 ’δ’
439 886 461 916 S
477 888 531 927 52,
547 887 702 927 nodorum
715 887 831 917 lineam
845 887 983 928 erigatur

138 930 403 970 perpendicularis
427 928 457 959 Ο
477 929 528 967 U,
547 930 764 970 jungaturque
789 929 820 959 R
840 932 896 972 ὁὶ·
942 931 984 960 In

140 974 297 1014 triangulo
314 973 345 1004 Ο
363 973 384 1003 S
402 971 455 1011 Β,
477 979 588 1011 praeter
601 978 720 1002 rectum
736 972 776 1002 ad
795 971 849 1010 19,
869 973 985 1003 dantur
1023 973 1082 1005 erit
1104 974 1239 1016 angulus
1264 974 1295 1006 O
1317 973 1359 1014 '25
1378 975 1420 1012 R,
1444 975 1499 1015 qui
1522 981 1569 1006 est
1593 973 1754 1006 inclinatio
1777 974 1863 1014 plani

142 1015 248 1059 (147.)
265 1016 401 1057 angulus
418 1016 448 1047 O
463 1015 484 1047 S
497 1014 538 1054 ἶς’
550 1021 581 1046 et
595 1015 676 1046 latus
693 1014 725 1046 Ο
739 1015 772 1053 S,
786 1025 882 1057 quare
893 1015 985 1046 datur
1024 1016 1208 1058 trajectoriae
1222 1017 1262 1049 ad
1276 1017 1406 1057 planum
1422 1017 1580 1057 eclipticae.

187 1725 258 1754 149.
282 1720 386 1752 Facile
400 1721 531 1752 obtineri
550 1728 652 1762 potest
667 1728 791 1763 tempus
805 1733 869 1764 quo
882 1733 987 1754 eome-

142 1770 186 1796 ta*
199 1764 381 1804 perihelium
406 1767 499 1795 tenet.
549 1765 710 1796 Umbilico
734 1767 765 1802 S,
793 1776 849 1805 per
869 1772 988 1805 puncta

145 1808 188 1844 R,
203 1817 229 1844 r,
245 1806 436 1837 describatur
448 1807 621 1847 trajectoria
632 1814 772 1838 cometae.
822 1806 939 1839 centro
952 1808 985 1845 S,

144 1859 199 1890 per
220 1849 404 1880 alterutrum
425 1855 615 1889 punctorum
638 1849 715 1889 puta
733 1850 776 1886 R.
799 1850 989 1881 describatur

147 1891 282 1923 circulus
296 1891 477 1932 trajector-iae
496 1891 601 1923 denuo
622 1902 787 1924 occurrens
801 1892 836 1923 in
853 1893 892 1928 V.
912 1893 988 1933 juu-

144 1941 299 1975 gaturque
317 1935 347 1964 R.
359 1934 400 1969 V,
418 1934 458 1965 ad
471 1944 566 1975 quem
581 1944 619 1965 ex
634 1941 754 1974 puncto
771 1935 792 1965 S
809 1934 989 1968 demittatur

144 1975 405 2016 perpendicularis
418 1976 440 2007 S
452 1984 482 2017 φ,
494 1987 565 2016 quae
580 1976 771 2016 producatur
781 1976 880 2008 donec
897 1987 987 2016 para-

144 2019 226 2050 bolae
236 2024 377 2049 occurrat
392 2019 424 2048 in
437 2031 470 2055 ae,
484 2019 542 2048 erit
553 2032 578 2050 a·
589 2018 771 2059 trajectoriae
786 2019 991 2059 perihelium3

145 2067 178 2091 et
191 2059 321 2100 proinde
335 2066 417 2092 recta
430 2061 530 2100 ipsius
547 2062 569 2092 S
584 2073 610 2092 r
623 2060 809 2102 quadrupla,
833 2062 891 2093 erit
904 2062 988 2103 ejus-

146 2103 219 2134 dem
232 2103 314 2134 latus
327 2109 447 2134 rectum
459 2103 640 2143 principale.
688 2102 773 2134 Ciun
788 2103 871 2134 enim
886 2104 990 2135 umbi-

145 2146 226 2176 licus
242 2147 273 2182 S,
290 2146 322 2175 in
338 2145 493 2185 parabolae
507 2156 566 2177 axe
579 2145 760 2185 reperiatur,
774 2146 909 2177 circulus
917 2157 990 2177 cen-

146 2194 194 2219 tro
208 2189 230 2218 S
239 2188 410 2227 descriptus
423 2188 602 2227 parabolam
613 2188 811 2219 intersecabit
822 2189 857 2218 in
868 2188 992 2219 duobus

146 2230 270 2270 punctis
284 2232 322 2261 ab
343 2241 401 2261 axe
416 2229 579 2271 &qualiter
593 2230 789 2268 distantibus,
811 2240 848 2261 ac
862 2231 993 2270 proinde

146 2274 198 2303 axi
223 2273 381 2309 normalis,
409 2273 467 2304 erit
494 2273 526 2303 R
547 2273 580 2303 V
604 2273 836 2304 intersectiones
861 2274 992 2313 conjun-

146 2326 243 2355 gens3
267 2314 362 2356 quare
386 2316 408 2347 S
423 2323 444 2356 φ
466 2321 513 2346 est
535 2315 602 2346 axis
615 2322 647 2347 et
662 2327 687 2347 a·
701 2321 807 2346 vertex
828 2316 991 2355 parabolae‚

146 2357 211 2389 sive
234 2357 415 2400 trajectoriae
437 2357 626 2397 peribelium
657 2363 690 2389 et
716 2357 891 2399 quadrupla
922 2359 944 2389 S
969 2370 994 2389 a·

146 2408 321 2440 parameter
342 2400 484 2431 diametri
508 2401 599 2442 cujus
620 2413 646 2432 a*
659 2406 707 2431 est
729 2406 833 2431 vertex
857 2401 988 2443 (Theor-

149 2443 199 2474 11.
218 2443 257 2473 de
271 2442 393 2483 parab.)
415 2443 548 2480 hoc'est,
570 2443 653 2474 latus
667 2450 790 2474 rectum
808 2443 988 2484 principale.

147 2485 222 2518 Jam
244 2485 384 2525 capiatur
405 2490 531 2526 tempus
551 2485 642 2527 cujus
663 2485 864 2518 intervallum
884 2488 927 2518 ab
937 2488 992 2518 ob-

1018 1723 1200 1754 'servatione
1220 1720 1330 1762 prima,
1354 1721 1433 1753 dum
1453 1727 1574 1753 cometa
1591 1724 1767 1754 versabatur
1789 1723 1822 1754 in
1839 1734 1866 1761 r,

1030 1772 1076 1796 est
1089 1765 1130 1796 ad
1144 1764 1344 1796 intervallum
1357 1765 1505 1804 temporis
1526 1765 1606 1795 inter
1625 1766 1868 1796 observationem

1029 1808 1163 1847 primam
1177 1814 1209 1838 et
1223 1807 1345 1838 tertiam
1360 1813 1511 1838 utarear
1525 1807 1637 1839 Saead
1651 1818 1752 1839 aream
1768 1809 1867 1846 RrS,

1029 1851 1194 1882 habebitur
1213 1849 1294 1880 illud
1313 1849 1417 1890 ipsum
1430 1856 1555 1890 tempus
1569 1860 1632 1891 quo
1646 1857 1767 1882 cometa
1788 1851 1868 1891 peri·

1030 1893 1151 1924 helium
1164 1898 1304 1932 occupat.
1516 1908 1519 1909 ⁷

1076 1980 1146 2009 150.
1174 1976 1262 2007 Hinc
1283 1976 1377 2008 etiam
1399 1984 1528 2009 cometae
1548 1979 1718 2019 perigaeum
1740 1979 1869 2021 ejusque

1031 2026 1156 2059 tempus
1169 2019 1430 2051 determinabitur.
1481 2020 1566 2052 cam
1579 2022 1663 2052 enim
1679 2022 1769 2052 detur
1790 2028 1869 2053 tern-

1030 2072 1092 2101 pus
1106 2062 1188 2093 inter
1197 2062 1440 2093 observationem
1454 2063 1586 2102 primam
1598 2070 1629 2094 et
1639 2065 1759 2095 tertiam
1774 2064 1869 2095 inter-

1031 2111 1165 2143 ceptum,
1186 2115 1249 2145 quo
1264 2105 1382 2136 seilicet
1396 2105 1467 2136 data
1481 2116 1552 2138 area
1572 2117 1589 2136 r
1607 2108 1638 2138 R
1655 2107 1686 2141 S,
1709 2118 1729 2138 a
1749 2107 1870 2138 cometa

1030 2147 1119 2177 radio
1140 2146 1180 2177 ad
1204 2146 1311 2178 Solem
1331 2148 1426 2178 ducto
1446 2148 1638 2187 describitur,
1660 2149 1732 2179 data
1746 2160 1870 2191 quoque

1033 2189 1092 2219 erit
1112 2199 1183 2219 area
1196 2199 1262 2219 uno
1276 2189 1327 2220 die
1346 2190 1487 2221 similiter
1506 2191 1666 2232 descripta.
1716 2192 1870 2223 Praeterea

1033 2231 1125 2261 datur
1150 2241 1174 2268 r,
1199 2231 1287 2262 locus
1310 2238 1440 2263 cometae
1463 2233 1497 2262 in
1522 2234 1733 2265 observatione
1757 2233 1868 2273 prima,

1033 2283 1129 2314 quare
1142 2273 1301 2304 dabuntur
1321 2274 1390 2305 loca
1404 2281 1532 2306 cometae
1554 2276 1587 2306 in
1602 2276 1726 2316 proprio
1741 2278 1816 2308 orbe
1829 2277 1870 2309 ad

1034 2317 1100 2346 dies
1121 2315 1270 2357 singulos·
1320 2317 1382 2348 Sed
1404 2317 1518 2348 dantur
1538 2318 1607 2350 loca
1623 2319 1759 2350 Telluris
1772 2320 1806 2350 in
1820 2330 1869 2350 or-

1032 2357 1099 2389 bita
1114 2358 1178 2394 sua.
1194 2365 1349 2400 notusque
1359 2365 1406 2390 est
1416 2360 1492 2391 situs
1500 2367 1630 2392 mutuus
1645 2362 1724 2392 inter
1734 2362 1870 2394 Telluris

1033 2401 1166 2432 orbitam
1180 2408 1211 2431 et
1226 2409 1354 2433 cometae
1368 2403 1582 2444 trajectoriam.
1624 2404 1718 2436 Unde
1732 2406 1867 2436 innotes-

1033 2450 1082 2474 cet
1095 2449 1219 2483 tempus
1234 2455 1297 2486 quo
1312 2452 1432 2476 cometa
1446 2452 1492 2477 est
1508 2447 1612 2477 Terrae
1626 2447 1794 2487 proximus,
1811 2449 1869 2480 hoc

1034 2493 1088 2523 est,
1100 2493 1222 2527 tempus
1232 2497 1295 2529 quo
1305 2493 1424 2520 cometa
1437 2488 1471 2518 in
1487 2489 1620 2531 perigaeo
1635 2498 1780 2522 versatur.

977 3072 1093 3103 L2‘
