2072 3522
126 213 272 256 rma
293 203 531 264 Tamus]
592 196 916 256 PRINCIPIA'
936 210 1430 256 MATHEMATICA.
1766 219 1813 257 11

390 378 767 424 PROPOSITIO
797 380 994 423 XXVII.
1055 380 1400 425 PROBLEMA
1430 381 1557 424 VIII.

306 503 374 543 Ex
392 508 497 542 motu
514 501 678 542 horario
698 501 830 542 Lunoe
850 501 1026 542 invenire
1045 500 1169 554 ipsius
1190 500 1423 541 distantiam
1442 513 1470 539 a
1494 496 1638 539 Terra,

141 631 144 632 ⁷
180 618 231 673 (5)
254 617 379 667 Area,
402 631 526 673 quam
541 616 663 658 Luna
677 615 793 656 radio
813 615 866 656 ad
887 615 1063 657 Terram
1082 613 1208 655 ducto
1229 613 1398 671 singulis
1417 612 1614 668 temporis
1634 626 1821 655 momen-

122 690 173 732 tis
193 689 400 741 describit,
423 698 485 732 est
505 696 551 731 ut
567 696 708 730 motus
727 688 916 728 horarius
938 687 1072 729 Lunae
1089 694 1132 728 et
1150 686 1396 742 quadratum
1416 685 1620 727 distantiae
1641 685 1776 728 Lunae
1795 699 1821 726 a

122 762 256 804 Terra
286 761 558 817 conjunctim3
589 768 630 801 et
658 767 877 814 propterea
903 757 1097 799 distantia
1117 757 1251 799 Lunae
1280 772 1306 798 a
1335 755 1467 798 Terra
1498 764 1561 797 est
1588 756 1632 796 in
1661 755 1821 798 ratione

122 834 349 890 composita
379 849 432 875 ex
461 831 745 887 subduplicata
775 832 934 873 ratione
963 845 1071 872 areae
1101 828 1256 871 directe
1286 837 1327 871 et
1357 828 1642 884 subduplicata
1662 829 1821 871 ratione

119 915 257 949 motus
277 906 432 947 horarii
452 903 626 945 inverse.
688 903 742 952 Q.
765 918 801 944 e.
822 902 848 944 i.

182 980 312 1020 Corol.
337 985 373 1020 1.
434 978 550 1020 Hinc
568 977 691 1020 datur
712 976 846 1019 Lunae
866 974 1065 1016 diameter
1085 987 1311 1027 apparens:
1343 971 1496 1029 quippe
1515 986 1610 1053 q&
1640 970 1691 1012 sit
1717 970 1821 1011 reci-

119 1048 246 1104 proce
277 1057 324 1093 ut
353 1047 481 1103 ipsius
513 1047 704 1088 distantia
730 1061 756 1086 a
782 1044 928 1086 Terra.
989 1044 1039 1098 (Ζ)
1069 1043 1253 1085 Tentent
1283 1042 1509 1083 astronomi
1538 1041 1662 1097 quam
1690 1040 1820 1096 probe

118 1119 209 1162 haec
231 1118 394 1175 Regula
413 1133 508 1159 cum
526 1104 810 1172 phaenomenis
832 1121 1044 1171 congruat.
1665 1107 1669 1110 ’

180 1192 310 1232 Corol.
333 1195 372 1230 2.
433 1190 482 1244 (⁸)
507 1189 623 1230 Hinc
638 1188 761 1230 etiam
776 1187 886 1228 orbis
901 1185 1056 1227 lunaris
1073 1185 1302 1228 accuratius
1323 1200 1376 1226 ex
1395 1185 1679 1241 phaenomenis
1695 1184 1821 1240 quam

120 1261 291 1305 antehac
311 1260 474 1304 definiri
494 1267 640 1316 potest.

390 1396 766 1462 PROPOSITIO
798 1415 1021 1459 XXVIII.
1083 1415 1428 1457 PROBLEMA
1460 1411 1570 1457 IX.>

149 1536 334 1577 Invenire
353 1535 566 1576 diametros
583 1533 690 1574 orbis
710 1535 752 1574 in
773 1546 849 1586 quo
863 1531 1000 1579 Luna,
1022 1532 1108 1572 sine
1127 1531 1437 1581 excentricitate,
1459 1531 1607 1572 moveri
1626 1530 1792 1572 deberet.

178 1649 409 1691 Curvatura
442 1647 699 1703 trajectoriae‚
741 1661 864 1702 quam
897 1645 1064 1695 mobile,
1102 1645 1137 1686 si
1172 1645 1400 1686 secundum
1434 1644 1680 1700 trajectoriae
1713 1643 1822 1684 illius

118 1718 458 1779 perpendiculum
477 1717 675 1767 trahatur,
707 1716 915 1766 describit,
948 1723 1010 1756 est
1038 1721 1085 1757 ut
1114 1715 1302 1757 attractio
1322 1713 1477 1756 direct&
1506 1723 1547 1756 et
1576 1714 1823 1771 quadratum

118 1789 343 1831 velocitatis
363 1788 536 1830 inverse.
597 1787 648 1844 (¹¹)
682 1788 933 1829 Curvaturas
952 1786 1153 1827 linearum
1173 1800 1287 1840 pono
1316 1800 1406 1827 esse
1425 1785 1533 1827 inter
1553 1800 1597 1826 se
1617 1785 1661 1826 in
1681 1782 1823 1827 ultima

161 1899 208 1942 (Υ)
227 1903 295 1932 115.
321 1901 406 1932 Area
419 1912 513 1942 quam
530 1902 624 1932 Luna
647 1901 773 1940 singulis
793 1901 951 1931 momentis
992 1909 1011 1929 a
1026 1897 1142 1931 Terra:
1167 1909 1250 1936 nam,
1273 1898 1471 1940 perbpraeced.
1492 1898 1585 1938 Prop.
1611 1908 1681 1929 area
1694 1909 1713 1929 a
1730 1896 1825 1929 Luna

118 1943 258 1974 describit
264 1948 457 1974 estutmotus
466 1944 603 1974 horarius
612 1943 716 1974 Lunae
725 1948 754 1973 et
763 1944 950 1983 quadratum
991 1941 1150 1980 descripta,
1169 1948 1215 1971 est
1229 1947 1266 1972 ut
1279 1951 1401 1972 summa
1423 1941 1543 1971 numeri
1559 1944 1678 1972 219.46
1692 1947 1724 1971 et
1738 1941 1824 1970 sinus

118 1986 268 2016 distantia
277 1986 382 2018 Lunae
394 1997 414 2016 a
429 1987 534 2017 Term-
568 1985 720 2025 Designet
731 1984 761 2015 T
772 1983 800 2015 P
810 1994 831 2023 p
847 1994 950 2014 aream
990 1983 1068 2014 versi
1082 1983 1169 2023 dupli
1184 1983 1293 2025 anguli
1319 1984 1348 2014 P
1364 1984 1394 2013 T
1411 1984 1437 2014 C
1459 1993 1530 2024 quae
1553 1983 1578 2012 si
1602 1982 1756 2013 dividatur
1770 1993 1826 2022 per

989 2032 1113 2056 motum
1126 2026 1283 2056 horarium
1298 2026 1352 2066 qui
1367 2026 1576 2055 observatione
1590 2025 1755 2061 obtinetur,
1773 2035 1822 2055 ra-

386 2082 409 2112 p
989 2068 1043 2099 dix
1068 2068 1216 2108 quadrata
1244 2068 1312 2099 e'us
1336 2067 1502 2108 quotientis
1528 2067 1586 2097 erit
1612 2074 1647 2098 ut
1670 2067 1823 2097 distantiae

992 2110 1022 2141 P
1037 2110 1078 2149 T,
1103 2117 1134 2140 et
1155 2110 1255 2142 invers
1294 2117 1331 2141 ut
1353 2110 1455 2141 Luuae
1469 2109 1610 2141 diametri
1629 2116 1819 2150 apparentes.

290 2160 323 2188 Ρ
398 2190 433 2216 ἵ
756 2185 787 2218 Τ
993 2153 1100 2224 Qum
1128 2152 1155 2201 si
1182 2153 1215 2183 hi
1243 2152 1336 2183 etiam
1364 2153 1513 2201 ⁰b⁵⁹¹IY¹²fi
1526 2151 1824 2224 ‘fuerin-iuncollffi

991 2204 1010 2224 o
1047 2201 1237 2225 ervanonum
1246 2204 1319 2225 cum
1329 2204 1465 2224 numeris
1474 2204 1516 2224 sic
1525 2201 1657 2224 invenus
1738 2204 1757 2223 u

992 2236 1228 2266 Newtonianam
1243 2235 1416 2267 illustrabit.
1697 2204 1736 2234 eg

120 2276 301 2315 descriptam
324 2285 344 2306 a
370 2274 465 2306 Luni
487 2274 596 2315 quovis
620 2274 824 2314 munusculo,
852 2275 952 2315 sitque
1036 2277 1080 2317 (⁸)
1119 2280 1137 2297 ²*
1167 2279 1252 2309 Hinc
1280 2280 1372 2309 etiam
1400 2279 1476 2310 orbis
1504 2279 1623 2309 lunaris
1647 2278 1823 2309 accur-aeid:

123 2318 152 2351 P
166 2329 188 2358 p
201 2328 292 2349 arcus
305 2328 407 2349 curvae
422 2317 603 2358 cujuslibet3
620 2325 726 2347 centro
743 2318 771 2347 T
785 2317 871 2347 radio
888 2318 917 2348 T
931 2328 952 2357 p
992 2319 1087 2360 qusim
1115 2322 1248 2350 antehac
1271 2321 1390 2362 dzfiniri
1414 2325 1517 2360 potest.
1582 2320 1675 2351 Orbis
1704 2319 1822 2350 lunaris

121 2360 309 2391 describatur
333 2370 421 2390 arcus
446 2359 601 2390 circularis
628 2359 657 2390 P
670 2370 691 2400 q
715 2359 768 2399 qui
791 2368 847 2398 pro
869 2358 952 2390 recta
991 2362 1093 2403 figura
1103 2361 1222 2392 definiri
1242 2369 1342 2401 potest
1353 2371 1407 2401 per
1417 2362 1640 2393 observationes
1657 2362 1822 2392 diametro-

119 2399 365 2442 perpendiculari
377 2402 409 2432 in
421 2401 533 2432 lineam
547 2402 576 2432 T
587 2411 607 2440 p
622 2402 735 2432 assumi
747 2407 855 2440 potest,
865 2400 952 2432 ideo·
991 2414 1062 2434 rum
1071 2404 1283 2443 apparentium
1298 2405 1398 2434 Lunae
1408 2403 1441 2434 in
1452 2404 1530 2434 datis
1541 2404 1664 2445 angulis
1678 2415 1697 2435 a
1707 2410 1823 2443 puncto

121 2455 181 2486 que
202 2455 272 2475 area
285 2455 305 2475 a
322 2443 415 2475 Luna
436 2444 586 2483 descripta
606 2444 664 2474 erit
684 2450 720 2474 ut
743 2445 772 2474 T
790 2444 818 2474 P
835 2449 868 2480 Χ
886 2454 907 2482 p
921 2455 951 2485 q,
991 2446 1126 2486 quodam
1141 2446 1225 2484 fixo3
1248 2446 1350 2486 sicque
1373 2445 1446 2476 cum
1469 2446 1621 2477 distantiae
1637 2447 1740 2478 Lunae
1761 2447 1824 2477 sint

121 2486 236 2528 gradus
250 2493 364 2523 autem,
388 2492 443 2517 aut
455 2486 577 2516 minuta
591 2486 622 2515 in
638 2496 710 2517 arcu
733 2497 754 2525 p
769 2497 788 2527 q
810 2492 954 2516 contenta
992 2489 1040 2519 his
1054 2488 1211 2519 diametris
1225 2489 1441 2527 apparentibus
1459 2489 1630 2528 reciprocae,
1652 2488 1823 2530 longitudi-

121 2531 344 2559 mensurabunt
373 2535 496 2559 motum
531 2529 710 2568 angularem
742 2529 844 2559 Lunae
881 2528 953 2559 dato
992 2541 1047 2561 nes
1069 2530 1220 2561 distantiis
1244 2531 1345 2563 Lunae
1366 2531 1606 2570 proportionales
1625 2531 1658 2561 in
1678 2532 1824 2561 lateribus

122 2577 268 2622 tempore,
293 2571 347 2612 qui
363 2570 487 2611 aequalis
510 2576 556 2600 est
578 2571 678 2600 motui
703 2571 824 2601 horario
840 2571 952 2607 Lunae,
993 2583 1102 2603 eorum
1115 2573 1306 2613 angulorum
1328 2573 1420 2603 secari
1435 2580 1564 2612 possunt
1585 2579 1616 2604 et
1635 2583 1691 2612 per
1704 2583 1755 2602 eas
1769 2582 1823 2603 ex-

122 2613 255 2653 ideoque
269 2613 433 2653 longitudo
447 2613 586 2643 absoluta
599 2613 666 2653 ejus
680 2612 768 2643 atesis
781 2623 802 2652 p
813 2623 831 2652 q
847 2613 904 2643 erit
917 2619 954 2644 ut
992 2616 1161 2646 tremit-mes
1175 2615 1248 2646 duci
1269 2622 1368 2654 potest
1389 2625 1482 2645 curva
1496 2616 1561 2645 orbi
1576 2616 1677 2648 lunari
1693 2615 1819 2646 similis:

122 2655 190 2697 ejus
203 2655 307 2686 radius
323 2655 352 2685 T
369 2655 397 2686 P
419 2661 450 2686 et
470 2661 573 2685 motus
594 2655 731 2684 horarius
754 2656 857 2685 Lunae
879 2665 952 2685 con·
993 2657 1048 2688 sed
1063 2658 1231 2688 observatio
1245 2658 1384 2688 diametri
1400 2657 1566 2698 cujuslibet
1580 2658 1714 2696 eorpofis
1728 2657 1823 2687 lucidi

120 2698 264 2738 junctim,
286 2697 357 2728 hinc
372 2707 441 2728 area
457 2697 486 2728 T
504 2697 532 2728 P
548 2701 582 2733 Χ
601 2707 621 2735 p
635 2707 654 2736 q
669 2698 727 2727 erit
741 2703 776 2727 ut
793 2698 822 2728 T
838 2698 867 2728 P
880 2697 896 2717 ²
923 2704 954 2729 et
995 2706 1040 2730 est
1064 2699 1155 2734 nimis
1179 2699 1297 2731 lubrica
1319 2706 1354 2730 ut
1376 2700 1447 2730 satis
1469 2706 1536 2730 tuta
1557 2710 1622 2730 osse
1644 2700 1736 2738 possit
1756 2700 1824 2730 haec

123 2745 227 2769 motus
241 2740 380 2770 horarius
396 2740 495 2770 Lunae
508 2739 708 2779 conjunctim.
996 2739 1163 2772 methodus
1169 2754 1180 2780 ;
1197 2742 1317 2773 facilius
1330 2742 1487 2782 tutiusque
1501 2743 1743 2772 observabuntur
1755 2751 1824 2772 mo-

168 2781 216 2822 (2)
235 2783 253 2801 ὓ
277 2783 406 2812 Tentent
419 2783 594 2812 astronomi.
629 2781 829 2812 Observando
843 2792 955 2822 nempe
996 2790 1047 2814 tus
1058 2784 1199 2815 horarius
1209 2785 1311 2815 Lunae
1322 2786 1448 2826 ejusque
1456 2784 1599 2815 distantia
1610 2795 1628 2814 a
1639 2782 1826 2824 quadi-anns

123 2830 244 2854 motum
256 2823 412 2854 horarium
427 2824 527 2854 Lunae
541 2824 575 2853 in
588 2823 678 2854 variis
687 2824 875 2863 temporibus
889 2825 956 2865 ejus
997 2825 1149 2866 proxima,
1171 2827 1245 2857 hinc
1259 2829 1361 2867 itaque
1376 2826 1547 2859 accuratius
1568 2825 1694 2867 cognita
1707 2827 1826 2859 ratione

123 2865 241 2905 periodi
255 2872 286 2896 et
300 2865 392 2895 simul
406 2866 557 2906 angulum
571 2866 651 2895 inter
662 2866 764 2896 Solem
779 2873 811 2896 et
827 2866 952 2897 Lunam
995 2868 1208 2899 distantiarum
1235 2869 1338 2900 Lunae
1360 2881 1379 2899 a
1405 2867 1501 2900 Terra
1528 2870 1562 2899 in
1591 2869 1670 2900 datis
1691 2868 1825 2910 angulis,

123 2907 329 2947 interceptum
342 2913 376 2937 ut
386 2907 459 2938 inde
469 2909 618 2938 habeatur
628 2909 695 2948 ejus
705 2908 848 2939 distantia
862 2909 952 2940 PTC
995 2910 1167 2942 accuratius
1178 2911 1342 2942 definietur
1353 2910 1445 2951 quam
1461 2913 1590 2942 antehac
1601 2911 1682 2942 orbis
1692 2911 1822 2942 lunaris.

124 2960 144 2980 a
165 2948 352 2998 quadratura
376 2948 516 2988 proxima
540 2950 580 2987 C,
607 2950 679 2981 inde
704 2951 786 2980 enim
810 2957 954 2990 poterunt
1040 2953 1084 2994 (¹²)
1131 2957 1314 2985 Curvaturas
1343 2956 1506 2990 linearum,
1536 2955 1592 2984 &a
1654 2954 1828 2986 Curvatura

125 2991 228 3032 colligi
239 2992 359 3022 numeri
368 2992 607 3032 proportionales
615 2993 764 3024 distantiis
777 2993 841 3025 PT
852 2994 953 3024 Lunae
995 2995 1086 3026 lineae
1108 3001 1154 3026 est
1176 2997 1242 3037 ejus
1265 2996 1394 3027 deflexio
1415 3007 1434 3027 a
1454 3002 1609 3038 tangente,
1632 3003 1663 3028 et
1684 2995 1828 3027 aestimari

169 3047 250 3078 Vox.-
269 3048 337 3079 111.
358 3048 452 3079 Pam
468 3048 517 3079 11.
959 3051 988 3081 Β
