2072 3522
170 273 319 315 Linea
332 272 571 324 Taurica]
612 271 937 314 PRlNCIPIA
965 268 1458 321 MATHEMATICA.
1805 277 1887 314 109

390 453 769 497 PROPOSITIO
799 454 1048 496 XXXVII.
1111 451 1457 496 PROBLEMA
1488 452 1664 495 XV111.

584 597 768 639 Invenire
786 597 864 638 vim
883 597 1016 638 Lunae
1035 598 1092 637 ad
1108 610 1219 639 mare
1238 597 1475 638 movendum.

225 738 272 794 (⁰)
303 738 378 780 Vis
400 738 535 780 Lunae
555 736 611 779 ad
628 752 743 779 mare
763 736 1016 778 movendum
1032 735 1266 793 colligenda
1284 743 1346 789 est
1364 750 1419 776 ex
1438 736 1524 791 ejus
1543 737 1813 790 proportione
1833 737 1887 793 ad

164 811 249 853 vim
271 812 393 861 Solis,
426 819 468 852 et
486 810 578 852 haec
596 811 813 866 proportio
833 809 1068 866 colligenda
1086 817 1151 850 est
1170 824 1223 850 ex
1242 809 1512 865 proportione
1531 816 1721 850 motuum
1746 810 1884 861 maris,

164 885 237 939 qui
256 884 309 925 ab
329 884 393 924 his
413 884 568 925 viribus
588 871 790 924 oriuntur.
833 883 946 924 Ante
967 883 1119 923 ostium
1132 882 1248 923 fluvii
1269 883 1430 924 Avonae
1451 882 1505 923 ad
1523 882 1706 937 lapidem
1717 883 1886 923 tertium

163 955 273 997 infra
307 956 563 1007 Bristolium‚
600 964 787 1010 tempore
820 970 949 996 verno
984 963 1026 996 et
1056 955 1285 996 autumnali
1318 963 1428 997 totus
1462 969 1581 1011 aquae
1616 969 1808 997 ascensus
1843 955 1888 995 in

165 1027 454 1082 conjunctione
474 1035 516 1068 et
535 1026 796 1082 oppositione
815 1025 1094 1075 luminarium,
1118 1025 1361 1067 observante
1385 1026 1576 1068 Samuele
1598 1026 1796 1076 Sturmio,
1825 1032 1888 1066 est

162 1098 318 1154 pedum
337 1098 430 1153 plus
450 1098 586 1139 minus
607 1102 676 1147 45,
708 1097 752 1137 in
774 1096 1035 1152 quadraturis
1056 1104 1194 1138 autem
1214 1104 1276 1138 est
1294 1096 1450 1151 pedum
1469 1104 1628 1138 tantum
1650 1102 1717 1140 25.
1778 1097 1885 1139 Alti-

164 1171 265 1212 tudo
292 1171 408 1226 prior
442 1185 497 1211 ex
525 1168 684 1210 summa
720 1169 882 1218 virium,
913 1168 1118 1223 posterior
1146 1182 1199 1209 ex
1232 1168 1459 1209 earundem
1488 1167 1717 1210 differentia
1738 1169 1882 1210 oritur.

164 1243 272 1286 Solis
302 1243 429 1301 igitur
463 1250 506 1284 et
539 1242 676 1284 Lunae
707 1241 752 1282 in
787 1248 998 1296 aequatore
1031 1240 1284 1282 versantium
1317 1248 1359 1281 et
1391 1240 1657 1282 mediocriter
1689 1257 1715 1282 a
1750 1239 1883 1282 Terra

161 1316 400 1358 distantium
415 1322 540 1357 sunto
560 1315 670 1356 vires
693 1314 724 1356 S
745 1321 788 1355 et
807 1314 860 1364 L,
892 1321 934 1355 et
953 1313 1033 1356 erit
1052 1313 1092 1355 L
1106 1309 1160 1362 ν-1-
1192 1314 1222 1355 S
1241 1312 1295 1355 ad
1317 1313 1356 1355 L
1375 1338 1433 1345 —
1455 1314 1486 1355 S
1506 1321 1553 1354 ut
1571 1319 1626 1355 45
1648 1313 1702 1355 ad
1723 1318 1791 1363 25,
1814 1328 1886 1354 seu

162 1393 188 1429 9
211 1386 264 1428 ad
287 1392 326 1428 5.

218 1460 270 1501 In
291 1467 418 1515 portu
440 1458 655 1515 Plymuthi
675 1466 800 1500 aestus
820 1458 946 1499 maris
966 1472 1020 1499 ex
1039 1457 1326 1499 observatione
1349 1456 1550 1498 Samuelis
1574 1457 1810 1512 Colepressi
1830 1456 1883 1498 ad

160 1531 288 1587 pedes
305 1532 403 1587 plus
423 1532 559 1573 minus
575 1531 784 1573 sexdecim
799 1530 1015 1572 altitudine
1028 1529 1230 1572 mediocri
1249 1528 1461 1578 attollitur,
1483 1543 1532 1570 ac
1549 1535 1737 1584 tempore
1756 1543 1885 1571 verno

159 1610 202 1643 et
221 1602 645 1644 autumnali-altitudo
664 1600 854 1643 aestfisvin
874 1600 1050 1658 syzygiis
1072 1614 1268 1655 superare
1286 1606 1424 1655 potest
1453 1599 1714 1641 altitudinem
1734 1600 1821 1655 ejus
1840 1601 1885 1643 in

161 1673 424 1729 quadraturis
444 1673 620 1728 pedibus
640 1672 734 1728 plus
755 1680 912 1727 septem
933 1671 999 1712 vel
1019 1678 1126 1712 octo.
1190 1670 1235 1712 Si
1254 1670 1435 1710 maxima
1449 1668 1599 1710 harum
1619 1669 1884 1712 altitudinum

159 1743 390 1785 differentia
410 1744 463 1784 sit
480 1743 636 1798 pedum
654 1758 819 1793 novem,
843 1743 921 1784 erit
941 1742 980 1783 L
1003 1747 1046 1791 -Ι-
1070 1742 1101 1783 S
1120 1740 1174 1782 ad
1195 1741 1234 1782 L
1254 1766 1312 1773 —
1334 1741 1365 1782 S
1384 1748 1431 1781 ut
1451 1742 1532 1793 2οὲ
1555 1739 1611 1781 ad
1631 1745 1711 1796 11}
1733 1732 1807 1784 seu
1826 1749 1876 1784 41

156 1815 212 1857 ad
232 1821 301 1858 23.
362 1816 472 1866 Quae
500 1815 718 1871 proportio
752 1815 848 1856 satis
883 1813 1076 1871 congruit
1109 1828 1205 1855 cum
1236 1814 1388 1869 priore.
1451 1812 1521 1854 Ob
1552 1814 1883 1871 magnitudinem

157 1887 281 1930 aestfis
310 1888 353 1929 in
383 1895 508 1943 portu
540 1887 761 1938 Bristoliae,
793 1886 1148 1929 observationibus
1182 1886 1353 1928 Sturmii
1384 1886 1516 1942 magis
1547 1885 1763 1928 fidendum
1793 1903 1882 1930 esse

157 1960 335 2011 videtur,
368 1961 546 2017 ideoque
565 1961 700 2002 donec
729 1960 885 2016 aliquid
905 1960 1054 2002 certius
1086 1959 1326 2010 constiterit,
1360 1958 1674 2014 proportionem
1709 1966 1734 2002 9
1770 1960 1824 2002 ad
1853 1967 1878 2003 5

155 2031 458 2086 usurpabimus.

219 2103 429 2146 Caeterum
448 2104 503 2146 ob
523 2120 725 2161 aquarum
745 2106 981 2160 reciprocos
1001 2113 1152 2155 motus,
1188 2113 1313 2146 aestus
1333 2104 1505 2147 maximi
1524 2119 1610 2145 non
1630 2105 1818 2147 incidunt
1835 2105 1880 2147 in

155 2174 267 2229 ipsas
286 2174 553 2216 luminarium
574 2176 773 2232 syzygias,
806 2176 879 2216 sed
909 2184 1005 2216 sunt
1034 2175 1144 2217 tertii
1173 2190 1197 2215 a
1226 2175 1402 2231 syzygiis
1431 2182 1478 2215 ut
1506 2173 1664 2215 dictum
1683 2174 1773 2225 fuit,
1806 2190 1879 2217 seu

154 2246 347 2302 proxime
367 2249 784 2304 sequunturtertium
805 2248 940 2289 Lunae
958 2256 1054 2302 post
1074 2248 1259 2304 syzygias
1289 2240 1511 2302 appulsum
1529 2247 1584 2287 ad
1602 2247 1876 2290 meridianum

153 2317 249 2369 loci,
282 2318 348 2360 vel
366 2319 506 2374 potius
542 2322 607 2374 (ut
625 2335 651 2360 a
673 2319 857 2361 Sturmio
876 2318 1060 2370 notatur)
1094 2325 1190 2358 sunt
1209 2316 1319 2358 tertii
1339 2324 1434 2371 post
1453 2316 1563 2357 diem
1591 2316 1791 2358 novilunii
1810 2319 1876 2360 vel

152 2390 386 2447 plenilunii,
409 2391 483 2434 sed
500 2399 596 2447 post
614 2392 763 2433 horam
791 2407 817 2433 a
844 2391 1058 2432 novilunio
1078 2391 1143 2431 vel
1162 2389 1391 2445 plenilunio
1408 2389 1503 2444 plus
1522 2389 1658 2435 minus
1678 2390 1875 2433 duodeci-

152 2475 287 2515 mam,
311 2460 488 2520 ideoque
507 2456 697 2507 incidunt
727 2465 772 2506 in
803 2464 951 2506 horam
983 2480 1008 2505 a
1040 2463 1254 2505 novilunio
1272 2462 1338 2504 vel
1357 2462 1585 2518 plenilunio
1614 2463 1708 2518 plus
1737 2465 1874 2506 minus

154 2537 512 2594 quadragesimam
541 2537 716 2579 tertiam.
777 2536 974 2579 Incidunt
993 2537 1093 2579 vero
1113 2538 1155 2579 in
1176 2537 1257 2590 hoc
1276 2545 1400 2592 portu
1418 2536 1462 2578 in
1480 2536 1628 2578 horam
1657 2537 1873 2592 septimam

153 2609 316 2651 circiter
335 2609 388 2651 ab
408 2610 587 2665 appulsu
601 2610 737 2652 Lunae
758 2611 812 2652 ad
831 2611 1106 2652 meridianum
1118 2611 1223 2660 loci;
1244 2611 1421 2667 ideoque
1435 2609 1624 2665 proxime
1645 2618 1872 2666 sequuntur
1898 2635 1901 2639 ·

150 2680 371 2735 appulsum
392 2680 527 2722 Lunae
556 2681 610 2722 ad
638 2681 925 2732 meridianum,
956 2682 1030 2723 ubi
1062 2682 1184 2723 Luna
1204 2680 1328 2723 distat
1357 2697 1382 2722 a
1413 2680 1510 2722 Sole
1542 2681 1605 2722 vel
1625 2681 1679 2722 ab
1700 2671 1888 2736 opposiss

151 2753 264 2794 tione
279 2754 386 2795 Solis
398 2754 596 2811 gradibus
610 2753 705 2809 plus
720 2755 858 2795 minus
870 2755 1102 2796 octodecim
1116 2755 1182 2796 vel
1194 2754 1478 2797 novemdecim
1498 2754 1542 2796 in
1564 2753 1868 2810 consequentia.

152 2823 295 2865 AEstas
315 2832 357 2865 et
374 2824 518 2880 hyems
536 2824 717 2866 maxime
740 2825 892 2882 vigent,
923 2841 1010 2867 non
1028 2826 1073 2867 in
1092 2827 1192 2881 ipsis
1213 2826 1405 2876 solstitiis,
1438 2825 1511 2866 sed
1539 2826 1611 2867 ubi
1644 2825 1717 2867 Sol
1746 2824 1869 2866 distat

151 2911 177 2937 a
197 2894 378 2936 solstitiis
400 2894 559 2936 decima
590 2895 752 2937 circiter
769 2903 888 2950 parte
917 2897 1041 2938 totius
1062 2896 1267 2947 circuitus,
1300 2911 1372 2938 seu
1391 2895 1588 2953 gradibus
1608 2895 1701 2950 plus
1729 2894 1866 2936 minus

153 2972 206 3008 36
228 2964 294 3007 vel
315 2969 383 3009 37.
444 2964 502 3006 Et
520 2965 706 3008 similiter
724 2967 930 3008 maximus
951 2975 1076 3008 aestus
1095 2967 1220 3008 maris
1240 2967 1371 3008 oritur
1390 2962 1442 3007 ab
1462 2965 1638 3021 appulsu
1658 2965 1794 3007 Lunae
1811 2965 1864 3008 ad

193 3092 238 3134 (⁶)
266 3095 284 3113 ⁹
308 3094 358 3124 Vis
374 3094 480 3124 Lunoe
499 3096 541 3124 ad
560 3105 645 3126 mare
666 3098 862 3127 movendum.
911 3095 984 3126 vid.
1032 3094 1143 3126 nouuii
1165 3101 1197 3126 et
1224 3095 1317 3136 Prop.
1350 3094 1413 3126 lx.
1440 3095 1474 3125 in
1502 3094 1726 3126 Dissertatione
1748 3093 1862 3126 clariss.

154 3134 232 3174 Cap.
248 3135 308 3166 vl·
321 3145 408 3166 num.
428 3138 476 3166 10.
494 3135 528 3166 in
545 3136 769 3169 Dissemtione
782 3138 897 3169 clariss·
910 3138 988 3170 Ber·
1034 3138 1233 3169 Machurini.

973 3194 1046 3226 ΗΞ.)
