<?xml version="1.0" encoding="UTF-8"?>
<!DOCTYPE html PUBLIC "-//W3C//DTD XHTML 1.0 Transitional//EN"
    "http://www.w3.org/TR/xhtml1/DTD/xhtml1-transitional.dtd">
<html xmlns="http://www.w3.org/1999/xhtml" xml:lang="en" lang="en">
 <head>
  <title>
</title>
<meta http-equiv="Content-Type" content="text/html;charset=utf-8" />
  <meta name='ocr-system' content='tesseract 3.04.00' />
  <meta name='ocr-capabilities' content='ocr_page ocr_carea ocr_par ocr_line ocrx_word'/>
</head>
<body>
  <div class='ocr_page' id='page_1' title='image "./philosophiaenatu04newtuoft_0154.png"; bbox 0 0 2072 3522; ppageno 0'>
   <div class='ocr_carea' id='block_1_1' title="bbox 183 247 1884 303">
    <p class='ocr_par' dir='ltr' id='par_1_1' title="bbox 183 247 1884 303">
     <span class='ocr_line' id='line_1_1' title="bbox 183 247 1884 303; baseline 0.001 -10"><span class='ocrx_word' id='word_1_1' title='bbox 183 255 267 293; x_wconf 75' lang='lat'>138</span> <span class='ocrx_word' id='word_1_2' title='bbox 584 247 1037 293; x_wconf 87' lang='lat' dir='ltr'>PHILOSOPHIAE</span> <span class='ocrx_word' id='word_1_3' title='bbox 1067 249 1430 293; x_wconf 85' lang='lat' dir='ltr'>NATURALIS</span> <span class='ocrx_word' id='word_1_4' title='bbox 1469 252 1563 303; x_wconf 69' lang='lat' dir='ltr'>[DE</span> <span class='ocrx_word' id='word_1_5' title='bbox 1579 251 1741 294; x_wconf 72' lang='lat' dir='ltr'>Muun.</span> <span class='ocrx_word' id='word_1_6' title='bbox 1759 252 1884 294; x_wconf 73' lang='lat' dir='ltr'>SYe&#39;r.</span> 
     </span>
    </p>
   </div>
   <div class='ocr_carea' id='block_1_2' title="bbox 865 430 1202 474">
    <p class='ocr_par' dir='ltr' id='par_1_2' title="bbox 865 430 1202 474">
     <span class='ocr_line' id='line_1_2' title="bbox 865 430 1202 474; baseline 0.006 -2"><span class='ocrx_word' id='word_1_7' title='bbox 865 430 1096 473; x_wconf 92' lang='lat' dir='ltr'>LEMMA</span> <span class='ocrx_word' id='word_1_8' title='bbox 1124 431 1202 474; x_wconf 91' lang='lat' dir='ltr'>VI.</span> 
     </span>
    </p>
   </div>
   <div class='ocr_carea' id='block_1_3' title="bbox 183 534 1916 605">
    <p class='ocr_par' dir='ltr' id='par_1_3' title="bbox 183 534 1916 605">
     <span class='ocr_line' id='line_1_3' title="bbox 183 534 1916 605; baseline 0.002 -19"><span class='ocrx_word' id='word_1_9' title='bbox 183 544 254 586; x_wconf 69' lang='lat' dir='ltr'>Ea·</span> <span class='ocrx_word' id='word_1_10' title='bbox 275 534 492 586; x_wconf 72' lang='lat' dir='ltr'>observatis</span> <span class='ocrx_word' id='word_1_11' title='bbox 520 543 673 599; x_wconf 84' lang='lat' dir='ltr'><em>aliquot</em></span> <span class='ocrx_word' id='word_1_12' title='bbox 701 546 796 586; x_wconf 84' lang='lat' dir='ltr'>locis</span> <span class='ocrx_word' id='word_1_13' title='bbox 824 551 980 586; x_wconf 81' lang='lat' dir='ltr'>cometae</span> <span class='ocrx_word' id='word_1_14' title='bbox 1008 546 1188 586; x_wconf 83' lang='lat' dir='ltr'>invenire</span> <span class='ocrx_word' id='word_1_15' title='bbox 1216 547 1338 586; x_wconf 82' lang='lat' dir='ltr'>locum</span> <span class='ocrx_word' id='word_1_16' title='bbox 1367 545 1447 600; x_wconf 68' lang='lat' dir='ltr'>qjus</span> <span class='ocrx_word' id='word_1_17' title='bbox 1475 547 1532 587; x_wconf 84' lang='lat' dir='ltr'>ad</span> <span class='ocrx_word' id='word_1_18' title='bbox 1558 553 1705 601; x_wconf 81' lang='lat' dir='ltr'>tempus</span> <span class='ocrx_word' id='word_1_19' title='bbox 1724 549 1916 605; x_wconf 30' lang='lat' dir='ltr'>quodvisl&#39;</span> 
     </span>
    </p>
   </div>
   <div class='ocr_carea' id='block_1_4' title="bbox 812 617 1252 657">
    <p class='ocr_par' dir='ltr' id='par_1_4' title="bbox 812 617 1252 657">
     <span class='ocr_line' id='line_1_4' title="bbox 812 617 1252 657; baseline 0.002 -1"><span class='ocrx_word' id='word_1_20' title='bbox 812 617 1084 656; x_wconf 80' lang='lat' dir='ltr'>intermedium</span> <span class='ocrx_word' id='word_1_21' title='bbox 1105 617 1252 657; x_wconf 81' lang='lat' dir='ltr'>datum.</span> 
     </span>
    </p>
   </div>
   <div class='ocr_carea' id='block_1_5' title="bbox 185 705 1888 869">
    <p class='ocr_par' dir='ltr' id='par_1_5' title="bbox 185 705 1888 869">
     <span class='ocr_line' id='line_1_5' title="bbox 242 705 1888 796; baseline 0.001 -14"><span class='ocrx_word' id='word_1_22' title='bbox 242 740 474 796; x_wconf 83' lang='lat' dir='ltr'>Designent</span> <span class='ocrx_word' id='word_1_23' title='bbox 504 739 551 781; x_wconf 92' lang='lat' dir='ltr'>H</span> <span class='ocrx_word' id='word_1_24' title='bbox 580 739 614 790; x_wconf 87' lang='grc' dir='ltr'>Ι,</span> <span class='ocrx_word' id='word_1_25' title='bbox 647 739 668 780; x_wconf 94' lang='grc' dir='ltr'>Ι</span> <span class='ocrx_word' id='word_1_26' title='bbox 692 739 748 789; x_wconf 91' lang='lat' dir='ltr'>K,</span> <span class='ocrx_word' id='word_1_27' title='bbox 784 739 826 780; x_wconf 92' lang='lat' dir='ltr'><strong>K</strong></span> <span class='ocrx_word' id='word_1_28' title='bbox 847 739 899 790; x_wconf 86' lang='lat' dir='ltr'>L,</span> <span class='ocrx_word' id='word_1_29' title='bbox 931 739 969 781; x_wconf 96' lang='lat' dir='ltr'>L</span> <span class='ocrx_word' id='word_1_30' title='bbox 992 740 1044 781; x_wconf 94' lang='lat' dir='ltr'>M</span> <span class='ocrx_word' id='word_1_31' title='bbox 1073 748 1259 795; x_wconf 84' lang='lat' dir='ltr'>tempora</span> <span class='ocrx_word' id='word_1_32' title='bbox 1288 741 1395 782; x_wconf 87' lang='lat' dir='ltr'>inter</span> <span class='ocrx_word' id='word_1_33' title='bbox 1423 741 1729 783; x_wconf 82' lang='lat' dir='ltr'>observationes</span> <span class='ocrx_word' id='word_1_34' title='bbox 1760 742 1809 783; x_wconf 95' lang='lat' dir='ltr'>H</span> <span class='ocrx_word' id='word_1_35' title='bbox 1830 705 1888 793; x_wconf 77' lang='lat' dir='ltr'>A,</span> 
     </span>
     <span class='ocr_line' id='line_1_6' title="bbox 185 811 1886 869; baseline 0.001 -15"><span class='ocrx_word' id='word_1_36' title='bbox 185 813 207 854; x_wconf 97' lang='lat' dir='ltr'>I</span> <span class='ocrx_word' id='word_1_37' title='bbox 233 812 285 863; x_wconf 88' lang='lat' dir='ltr'>B,</span> <span class='ocrx_word' id='word_1_38' title='bbox 319 811 361 852; x_wconf 91' lang='lat' dir='ltr'><strong>K</strong></span> <span class='ocrx_word' id='word_1_39' title='bbox 384 812 433 862; x_wconf 90' lang='lat' dir='ltr'>C,</span> <span class='ocrx_word' id='word_1_40' title='bbox 466 811 504 852; x_wconf 96' lang='lat' dir='ltr'>L</span> <span class='ocrx_word' id='word_1_41' title='bbox 533 812 591 861; x_wconf 92' lang='lat' dir='ltr'>D,</span> <span class='ocrx_word' id='word_1_42' title='bbox 626 811 678 852; x_wconf 93' lang='lat' dir='ltr'>M</span> <span class='ocrx_word' id='word_1_43' title='bbox 708 811 746 852; x_wconf 90' lang='lat' dir='ltr'>E</span> <span class='ocrx_word' id='word_1_44' title='bbox 776 811 1011 853; x_wconf 82' lang='lat' dir='ltr'>observatas</span> <span class='ocrx_word' id='word_1_45' title='bbox 1042 812 1222 868; x_wconf 92' lang='lat' dir='ltr'>quinque</span> <span class='ocrx_word' id='word_1_46' title='bbox 1250 812 1527 869; x_wconf 87' lang='lat' dir='ltr'><strong>longitudines</strong></span> <span class='ocrx_word' id='word_1_47' title='bbox 1558 821 1742 864; x_wconf 85' lang='lat' dir='ltr'>cometae,</span> <span class='ocrx_word' id='word_1_48' title='bbox 1774 814 1823 856; x_wconf 97' lang='lat' dir='ltr'>H</span> <span class='ocrx_word' id='word_1_49' title='bbox 1856 815 1886 856; x_wconf 88' lang='lat' dir='ltr'>S</span> 
     </span>
    </p>
   </div>
   <div class='ocr_carea' id='block_1_6' title="bbox 297 966 708 1349">
    <p class='ocr_par' dir='ltr' id='par_1_6' title="bbox 297 966 659 1241">
     <span class='ocr_line' id='line_1_7' title="bbox 297 966 646 1008; baseline -0.003 0"><span class='ocrx_word' id='word_1_50' title='bbox 297 968 326 1008; x_wconf 96' lang='lat' dir='ltr'>b</span> <span class='ocrx_word' id='word_1_51' title='bbox 411 967 485 1007; x_wconf 64' lang='lat' dir='ltr'>‘Ab</span> <span class='ocrx_word' id='word_1_52' title='bbox 572 966 646 1008; x_wconf 85' lang='lat' dir='ltr'>3b</span> 
     </span>
     <span class='ocr_line' id='line_1_8' title="bbox 396 1086 573 1122; baseline 0 -1"><span class='ocrx_word' id='word_1_53' title='bbox 396 1095 418 1121; x_wconf 89' lang='lat' dir='ltr'>c</span> <span class='ocrx_word' id='word_1_54' title='bbox 503 1086 573 1122; x_wconf 79' lang='lat'>20</span> 
     </span>
     <span class='ocr_line' id='line_1_9' title="bbox 458 1182 659 1241; baseline 0 -6"><span class='ocrx_word' id='word_1_55' title='bbox 458 1182 659 1241; x_wconf 32' lang='grc' dir='ltr'>(1,Ξᾶζ</span> 
     </span>
    </p>

    <p class='ocr_par' dir='ltr' id='par_1_7' title="bbox 559 1313 708 1349">
     <span class='ocr_line' id='line_1_10' title="bbox 559 1313 708 1349; baseline 0.007 -1"><span class='ocrx_word' id='word_1_56' title='bbox 559 1323 582 1348; x_wconf 91' lang='lat' dir='ltr'>e</span> <span class='ocrx_word' id='word_1_57' title='bbox 639 1313 708 1349; x_wconf 79' lang='lat' dir='ltr'>2e</span> 
     </span>
    </p>
   </div>
   <div class='ocr_carea' id='block_1_7' title="bbox 651 966 1756 1463">
    <p class='ocr_par' dir='ltr' id='par_1_8' title="bbox 651 966 1756 1463">
     <span class='ocr_line' id='line_1_11' title="bbox 651 966 1756 1463; baseline 0 2059"><span class='ocrx_word' id='word_1_58' title='bbox 651 966 1756 1463; x_wconf 95' lang='lat' dir='ltr'> </span> 
     </span>
    </p>
   </div>
   <div class='ocr_carea' id='block_1_8' title="bbox 626 1421 650 1461">
    <p class='ocr_par' dir='ltr' id='par_1_9' title="bbox 626 1421 650 1461">
     <span class='ocr_line' id='line_1_12' title="bbox 626 1421 650 1461; baseline 0 0"><span class='ocrx_word' id='word_1_59' title='bbox 626 1421 650 1461; x_wconf 87' lang='lat' dir='ltr'>f</span> 
     </span>
    </p>
   </div>
   <div class='ocr_carea' id='block_1_9' title="bbox 181 1575 1898 2273">
    <p class='ocr_par' dir='ltr' id='par_1_10' title="bbox 181 1575 1895 1844">
     <span class='ocr_line' id='line_1_13' title="bbox 181 1575 1891 1632; baseline -0.002 -14"><span class='ocrx_word' id='word_1_60' title='bbox 181 1584 345 1632; x_wconf 87' lang='lat' dir='ltr'>tempus</span> <span class='ocrx_word' id='word_1_61' title='bbox 383 1576 525 1617; x_wconf 87' lang='lat' dir='ltr'>datum</span> <span class='ocrx_word' id='word_1_62' title='bbox 554 1576 661 1618; x_wconf 89' lang='lat' dir='ltr'>inter</span> <span class='ocrx_word' id='word_1_63' title='bbox 692 1576 1018 1619; x_wconf 82' lang='lat' dir='ltr'>observationem</span> <span class='ocrx_word' id='word_1_64' title='bbox 1047 1577 1225 1632; x_wconf 86' lang='lat' dir='ltr'><strong>primam</strong></span> <span class='ocrx_word' id='word_1_65' title='bbox 1258 1583 1300 1618; x_wconf 85' lang='lat' dir='ltr'>et</span> <span class='ocrx_word' id='word_1_66' title='bbox 1331 1575 1636 1632; x_wconf 84' lang='lat' dir='ltr'>longitudinem</span> <span class='ocrx_word' id='word_1_67' title='bbox 1666 1575 1891 1631; x_wconf 81' lang='lat' dir='ltr'>quaesitam.</span> 
     </span>
     <span class='ocr_line' id='line_1_14' title="bbox 184 1644 1890 1703; baseline -0.002 -15"><span class='ocrx_word' id='word_1_68' title='bbox 184 1647 240 1688; x_wconf 79' lang='lat' dir='ltr'>Et</span> <span class='ocrx_word' id='word_1_69' title='bbox 279 1648 313 1688; x_wconf 89' lang='lat' dir='ltr'>si</span> <span class='ocrx_word' id='word_1_70' title='bbox 351 1661 427 1702; x_wconf 90' lang='lat' dir='ltr'>per</span> <span class='ocrx_word' id='word_1_71' title='bbox 464 1654 619 1702; x_wconf 89' lang='lat' dir='ltr'>puncta</span> <span class='ocrx_word' id='word_1_72' title='bbox 658 1646 713 1697; x_wconf 90' lang='lat' dir='ltr'>A,</span> <span class='ocrx_word' id='word_1_73' title='bbox 751 1647 802 1698; x_wconf 89' lang='lat' dir='ltr'>B,</span> <span class='ocrx_word' id='word_1_74' title='bbox 839 1647 889 1698; x_wconf 89' lang='lat' dir='ltr'>C,</span> <span class='ocrx_word' id='word_1_75' title='bbox 925 1648 983 1698; x_wconf 87' lang='lat' dir='ltr'>D,</span> <span class='ocrx_word' id='word_1_76' title='bbox 1023 1647 1061 1689; x_wconf 93' lang='lat' dir='ltr'><strong>E</strong></span> <span class='ocrx_word' id='word_1_77' title='bbox 1101 1647 1196 1688; x_wconf 86' lang='lat' dir='ltr'>duci</span> <span class='ocrx_word' id='word_1_78' title='bbox 1235 1645 1488 1703; x_wconf 84' lang='lat' dir='ltr'>intelligatur</span> <span class='ocrx_word' id='word_1_79' title='bbox 1516 1660 1651 1687; x_wconf 79' lang='lat' dir='ltr'>=curva</span> <span class='ocrx_word' id='word_1_80' title='bbox 1689 1644 1890 1702; x_wconf 82' lang='lat' dir='ltr'>regularis</span> 
     </span>
     <span class='ocr_line' id='line_1_15' title="bbox 184 1715 1895 1773; baseline -0.003 -12"><span class='ocrx_word' id='word_1_81' title='bbox 184 1720 226 1761; x_wconf 90' lang='lat' dir='ltr'>A</span> <span class='ocrx_word' id='word_1_82' title='bbox 248 1720 285 1761; x_wconf 91' lang='lat' dir='ltr'><strong>B</strong></span> <span class='ocrx_word' id='word_1_83' title='bbox 310 1719 346 1760; x_wconf 93' lang='lat' dir='ltr'>C</span> <span class='ocrx_word' id='word_1_84' title='bbox 366 1719 411 1761; x_wconf 93' lang='lat' dir='ltr'>D</span> <span class='ocrx_word' id='word_1_85' title='bbox 434 1719 499 1768; x_wconf 87' lang='lat' dir='ltr'>E;</span> <span class='ocrx_word' id='word_1_86' title='bbox 521 1727 563 1759; x_wconf 89' lang='lat' dir='ltr'>et</span> <span class='ocrx_word' id='word_1_87' title='bbox 579 1733 656 1773; x_wconf 88' lang='lat' dir='ltr'>per</span> <span class='ocrx_word' id='word_1_88' title='bbox 677 1718 852 1759; x_wconf 85' lang='lat' dir='ltr'><strong>Lemma</strong></span> <span class='ocrx_word' id='word_1_89' title='bbox 873 1719 1060 1773; x_wconf 87' lang='lat' dir='ltr'>superius</span> <span class='ocrx_word' id='word_1_90' title='bbox 1087 1718 1320 1760; x_wconf 83' lang='lat' dir='ltr'>inveniatur</span> <span class='ocrx_word' id='word_1_91' title='bbox 1338 1718 1429 1773; x_wconf 87' lang='lat' dir='ltr'>ejus</span> <span class='ocrx_word' id='word_1_92' title='bbox 1450 1717 1672 1758; x_wconf 85' lang='lat' dir='ltr'>ordinatim</span> <span class='ocrx_word' id='word_1_93' title='bbox 1690 1715 1895 1771; x_wconf 81' lang='lat' dir='ltr'>applicata</span> 
     </span>
     <span class='ocr_line' id='line_1_16' title="bbox 186 1777 1493 1844; baseline -0.002 -13"><span class='ocrx_word' id='word_1_94' title='bbox 186 1789 227 1831; x_wconf 91' lang='lat' dir='ltr'><strong>R</strong></span> <span class='ocrx_word' id='word_1_95' title='bbox 251 1790 294 1839; x_wconf 91' lang='lat' dir='ltr'>S,</span> <span class='ocrx_word' id='word_1_96' title='bbox 318 1789 398 1830; x_wconf 87' lang='lat' dir='ltr'>erit</span> <span class='ocrx_word' id='word_1_97' title='bbox 420 1789 460 1829; x_wconf 87' lang='lat' dir='ltr'><strong>R</strong></span> <span class='ocrx_word' id='word_1_98' title='bbox 483 1789 513 1830; x_wconf 92' lang='lat' dir='ltr'>S</span> <span class='ocrx_word' id='word_1_99' title='bbox 531 1788 749 1844; x_wconf 88' lang='lat' dir='ltr'>longitudo</span> <span class='ocrx_word' id='word_1_100' title='bbox 769 1788 953 1844; x_wconf 84' lang='lat' dir='ltr'>quaesita.</span> <span class='ocrx_word' id='word_1_101' title='bbox 1489 1777 1493 1780; x_wconf 45' lang='grc'><strong>’</strong></span> 
     </span>
    </p>

    <p class='ocr_par' dir='ltr' id='par_1_11' title="bbox 185 1855 1894 1986">
     <span class='ocr_line' id='line_1_17' title="bbox 241 1855 1894 1915; baseline -0.001 -15"><span class='ocrx_word' id='word_1_102' title='bbox 241 1858 404 1901; x_wconf 65' lang='lat' dir='ltr'>Eadem</span> <span class='ocrx_word' id='word_1_103' title='bbox 433 1858 631 1900; x_wconf 86' lang='lat' dir='ltr'>methodo</span> <span class='ocrx_word' id='word_1_104' title='bbox 660 1873 714 1900; x_wconf 84' lang='lat' dir='ltr'>ex</span> <span class='ocrx_word' id='word_1_105' title='bbox 733 1858 958 1900; x_wconf 83' lang='lat' dir='ltr'>observatis</span> <span class='ocrx_word' id='word_1_106' title='bbox 978 1857 1160 1915; x_wconf 85' lang='lat' dir='ltr'>quinque</span> <span class='ocrx_word' id='word_1_107' title='bbox 1186 1856 1470 1899; x_wconf 80' lang='lat' dir='ltr'>latitudinibus</span> <span class='ocrx_word' id='word_1_108' title='bbox 1495 1855 1701 1898; x_wconf 81' lang='lat' dir='ltr'>invenitur</span> <span class='ocrx_word' id='word_1_109' title='bbox 1718 1855 1894 1899; x_wconf 81' lang='lat' dir='ltr'>latitudo</span> 
     </span>
     <span class='ocr_line' id='line_1_18' title="bbox 185 1929 596 1986; baseline -0.005 -14"><span class='ocrx_word' id='word_1_110' title='bbox 185 1930 240 1972; x_wconf 89' lang='lat' dir='ltr'>ad</span> <span class='ocrx_word' id='word_1_111' title='bbox 259 1938 421 1986; x_wconf 86' lang='lat' dir='ltr'>tempus</span> <span class='ocrx_word' id='word_1_112' title='bbox 441 1929 596 1971; x_wconf 85' lang='lat' dir='ltr'>datum.</span> 
     </span>
    </p>

    <p class='ocr_par' dir='ltr' id='par_1_12' title="bbox 181 1996 1898 2273">
     <span class='ocr_line' id='line_1_19' title="bbox 240 1996 1896 2058; baseline -0.002 -15"><span class='ocrx_word' id='word_1_113' title='bbox 240 2001 290 2057; x_wconf 75' lang='lat'>(²)</span> <span class='ocrx_word' id='word_1_114' title='bbox 315 2002 360 2044; x_wconf 91' lang='lat' dir='ltr'>Si</span> <span class='ocrx_word' id='word_1_115' title='bbox 379 2001 686 2058; x_wconf 85' lang='lat' dir='ltr'>longitudinum</span> <span class='ocrx_word' id='word_1_116' title='bbox 705 2002 1011 2043; x_wconf 82' lang='lat' dir='ltr'>observatamm</span> <span class='ocrx_word' id='word_1_117' title='bbox 1031 2015 1172 2056; x_wconf 82' lang='lat' dir='ltr'>parvae</span> <span class='ocrx_word' id='word_1_118' title='bbox 1193 2000 1275 2042; x_wconf 89' lang='lat' dir='ltr'>sint</span> <span class='ocrx_word' id='word_1_119' title='bbox 1295 1998 1549 2050; x_wconf 87' lang='lat' dir='ltr'>differentiae,</span> <span class='ocrx_word' id='word_1_120' title='bbox 1570 1996 1671 2054; x_wconf 56' lang='lat' dir='ltr'>puta}</span> <span class='ocrx_word' id='word_1_121' title='bbox 1689 1997 1896 2056; x_wconf 84' lang='lat' dir='ltr'>graduum</span> 
     </span>
     <span class='ocr_line' id='line_1_20' title="bbox 181 2069 1895 2126; baseline -0.003 -11"><span class='ocrx_word' id='word_1_122' title='bbox 181 2080 343 2115; x_wconf 86' lang='lat' dir='ltr'>tantum</span> <span class='ocrx_word' id='word_1_123' title='bbox 363 2079 389 2114; x_wconf 77' lang='lat'><em>4</em></span> <span class='ocrx_word' id='word_1_124' title='bbox 411 2073 477 2114; x_wconf 89' lang='lat' dir='ltr'>vel</span> <span class='ocrx_word' id='word_1_125' title='bbox 498 2078 547 2122; x_wconf 85' lang='lat'>53</span> <span class='ocrx_word' id='word_1_126' title='bbox 571 2071 806 2114; x_wconf 83' lang='lat' dir='ltr'>suffecerint</span> <span class='ocrx_word' id='word_1_127' title='bbox 825 2072 1130 2114; x_wconf 81' lang='lat' dir='ltr'>observationes</span> <span class='ocrx_word' id='word_1_128' title='bbox 1150 2079 1233 2113; x_wconf 88' lang='lat' dir='ltr'>tres</span> <span class='ocrx_word' id='word_1_129' title='bbox 1253 2071 1319 2112; x_wconf 87' lang='lat' dir='ltr'>vel</span> <span class='ocrx_word' id='word_1_130' title='bbox 1339 2078 1515 2126; x_wconf 83' lang='lat' dir='ltr'>quatuor</span> <span class='ocrx_word' id='word_1_131' title='bbox 1533 2069 1588 2111; x_wconf 83' lang='lat' dir='ltr'>ad</span> <span class='ocrx_word' id='word_1_132' title='bbox 1607 2069 1895 2111; x_wconf 79' lang='lat' dir='ltr'>inveniendam</span> 
     </span>
     <span class='ocr_line' id='line_1_21' title="bbox 181 2140 1898 2201; baseline -0.001 -16"><span class='ocrx_word' id='word_1_133' title='bbox 181 2144 487 2201; x_wconf 87' lang='lat' dir='ltr'>longitudinem</span> <span class='ocrx_word' id='word_1_134' title='bbox 515 2151 557 2185; x_wconf 88' lang='lat' dir='ltr'>et</span> <span class='ocrx_word' id='word_1_135' title='bbox 583 2143 842 2185; x_wconf 85' lang='lat' dir='ltr'>latitudinem</span> <span class='ocrx_word' id='word_1_136' title='bbox 870 2159 1033 2186; x_wconf 85' lang='lat' dir='ltr'>novam.</span> <span class='ocrx_word' id='word_1_137' title='bbox 1096 2143 1172 2186; x_wconf 88' lang='lat' dir='ltr'>Sin</span> <span class='ocrx_word' id='word_1_138' title='bbox 1199 2143 1374 2198; x_wconf 89' lang='lat' dir='ltr'>majores</span> <span class='ocrx_word' id='word_1_139' title='bbox 1401 2142 1483 2183; x_wconf 89' lang='lat' dir='ltr'>sint</span> <span class='ocrx_word' id='word_1_140' title='bbox 1511 2141 1765 2193; x_wconf 85' lang='lat' dir='ltr'>differentiae,</span> <span class='ocrx_word' id='word_1_141' title='bbox 1795 2140 1898 2197; x_wconf 60' lang='lat' dir='ltr'>putri</span> 
     </span>
     <span class='ocr_line' id='line_1_22' title="bbox 181 2214 1622 2273; baseline -0.001 -16"><span class='ocrx_word' id='word_1_142' title='bbox 181 2216 389 2273; x_wconf 85' lang='lat' dir='ltr'>graduum</span> <span class='ocrx_word' id='word_1_143' title='bbox 413 2222 465 2258; x_wconf 92' lang='lat'>10</span> <span class='ocrx_word' id='word_1_144' title='bbox 485 2216 552 2258; x_wconf 90' lang='lat' dir='ltr'>vel</span> <span class='ocrx_word' id='word_1_145' title='bbox 573 2221 642 2267; x_wconf 78' lang='lat'>20,</span> <span class='ocrx_word' id='word_1_146' title='bbox 665 2216 878 2258; x_wconf 84' lang='lat' dir='ltr'>debebunt</span> <span class='ocrx_word' id='word_1_147' title='bbox 897 2216 1202 2259; x_wconf 80' lang='lat' dir='ltr'>observationes</span> <span class='ocrx_word' id='word_1_148' title='bbox 1223 2216 1404 2272; x_wconf 83' lang='lat' dir='ltr'>quinque</span> <span class='ocrx_word' id='word_1_149' title='bbox 1423 2214 1622 2256; x_wconf 85' lang='lat' dir='ltr'>adhiberi.</span> 
     </span>
    </p>
   </div>
   <div class='ocr_carea' id='block_1_10' title="bbox 182 2371 1895 3007">
    <p class='ocr_par' dir='ltr' id='par_1_13' title="bbox 182 2371 1895 3007">
     <span class='ocr_line' id='line_1_23' title="bbox 238 2371 1895 2415; baseline -0.001 -11"><span class='ocrx_word' id='word_1_150' title='bbox 238 2373 286 2415; x_wconf 61' lang='grc' dir='ltr'>(Ζ)</span> <span class='ocrx_word' id='word_1_151' title='bbox 316 2376 385 2405; x_wconf 82' lang='grc'><strong>137.</strong></span> <span class='ocrx_word' id='word_1_152' title='bbox 420 2374 437 2394; x_wconf 70' lang='grc'><strong><em>*</em></strong></span> <span class='ocrx_word' id='word_1_153' title='bbox 469 2375 503 2406; x_wconf 80' lang='lat' dir='ltr'>Si</span> <span class='ocrx_word' id='word_1_154' title='bbox 530 2374 758 2415; x_wconf 77' lang='lat' dir='ltr'>longitudinum</span> <span class='ocrx_word' id='word_1_155' title='bbox 782 2375 1018 2412; x_wconf 77' lang='lat' dir='ltr'>observatamm,</span> <span class='ocrx_word' id='word_1_156' title='bbox 1062 2375 1166 2414; x_wconf 81' lang='lat' dir='ltr'>plures</span> <span class='ocrx_word' id='word_1_157' title='bbox 1191 2373 1415 2410; x_wconf 81' lang='lat' dir='ltr'>observationes</span> <span class='ocrx_word' id='word_1_158' title='bbox 1437 2379 1469 2405; x_wconf 89' lang='lat' dir='ltr'>et</span> <span class='ocrx_word' id='word_1_159' title='bbox 1491 2373 1666 2414; x_wconf 70' lang='lat' dir='ltr'>parabolam</span> <span class='ocrx_word' id='word_1_160' title='bbox 1687 2373 1825 2414; x_wconf 82' lang='lat' dir='ltr'>plurium</span> <span class='ocrx_word' id='word_1_161' title='bbox 1845 2371 1895 2403; x_wconf 82' lang='lat' dir='ltr'>di-</span> 
     </span>
     <span class='ocr_line' id='line_1_24' title="bbox 186 2415 1894 2457; baseline -0.001 -11"><span class='ocrx_word' id='word_1_162' title='bbox 186 2417 284 2456; x_wconf 74' lang='lat' dir='ltr'>(patet</span> <span class='ocrx_word' id='word_1_163' title='bbox 306 2426 360 2457; x_wconf 82' lang='lat' dir='ltr'>per</span> <span class='ocrx_word' id='word_1_164' title='bbox 384 2421 450 2446; x_wconf 86' lang='lat' dir='ltr'>not.</span> <span class='ocrx_word' id='word_1_165' title='bbox 479 2416 513 2446; x_wconf 90' lang='lat' dir='ltr'>in</span> <span class='ocrx_word' id='word_1_166' title='bbox 542 2417 613 2448; x_wconf 86' lang='lat' dir='ltr'>Cor.</span> <span class='ocrx_word' id='word_1_167' title='bbox 635 2415 801 2457; x_wconf 32' lang='lat' dir='ltr'>,praeced.).</span> <span class='ocrx_word' id='word_1_168' title='bbox 849 2417 1021 2448; x_wconf 72' lang='lat' dir='ltr'>Methodue</span> <span class='ocrx_word' id='word_1_169' title='bbox 1062 2417 1269 2454; x_wconf 84' lang='lat' dir='ltr'>mensionum,</span> <span class='ocrx_word' id='word_1_170' title='bbox 1291 2416 1341 2448; x_wconf 81' lang='lat' dir='ltr'>vel</span> <span class='ocrx_word' id='word_1_171' title='bbox 1361 2427 1415 2456; x_wconf 85' lang='lat' dir='ltr'>per</span> <span class='ocrx_word' id='word_1_172' title='bbox 1428 2422 1489 2448; x_wconf 71' lang='lat' dir='ltr'>troe</span> <span class='ocrx_word' id='word_1_173' title='bbox 1502 2416 1727 2448; x_wconf 66' lang='lat' dir='ltr'>observationes</span> <span class='ocrx_word' id='word_1_174' title='bbox 1740 2415 1894 2446; x_wconf 65' lang='lat' dir='ltr'>duntoxat</span> 
     </span>
     <span class='ocr_line' id='line_1_25' title="bbox 187 2457 1894 2500; baseline -0.001 -12"><span class='ocrx_word' id='word_1_175' title='bbox 187 2458 358 2489; x_wconf 85' lang='lat' dir='ltr'>Lemmatis</span> <span class='ocrx_word' id='word_1_176' title='bbox 379 2458 586 2497; x_wconf 80' lang='lat' dir='ltr'>praecedentis,</span> <span class='ocrx_word' id='word_1_177' title='bbox 607 2469 678 2499; x_wconf 87' lang='lat' dir='ltr'>quae</span> <span class='ocrx_word' id='word_1_178' title='bbox 699 2459 863 2490; x_wconf 84' lang='lat' dir='ltr'>methodus</span> <span class='ocrx_word' id='word_1_179' title='bbox 884 2459 1019 2500; x_wconf 85' lang='lat' dir='ltr'>interpo-</span> <span class='ocrx_word' id='word_1_180' title='bbox 1062 2466 1094 2490; x_wconf 86' lang='lat' dir='ltr'>et</span> <span class='ocrx_word' id='word_1_181' title='bbox 1114 2459 1288 2499; x_wconf 81' lang='lat' dir='ltr'>parabolam</span> <span class='ocrx_word' id='word_1_182' title='bbox 1303 2459 1452 2496; x_wconf 72' lang='lat' dir='ltr'>conicum,</span> <span class='ocrx_word' id='word_1_183' title='bbox 1477 2459 1524 2490; x_wconf 88' lang='lat' dir='ltr'>uti</span> <span class='ocrx_word' id='word_1_184' title='bbox 1538 2459 1610 2490; x_wconf 81' lang='lat' dir='ltr'>fecit</span> <span class='ocrx_word' id='word_1_185' title='bbox 1626 2458 1780 2489; x_wconf 78' lang='lat' dir='ltr'>Halleius.</span> <span class='ocrx_word' id='word_1_186' title='bbox 1827 2457 1894 2487; x_wconf 86' lang='lat' dir='ltr'>Ve-</span> 
     </span>
     <span class='ocr_line' id='line_1_26' title="bbox 184 2499 1894 2543; baseline -0.001 -13"><span class='ocrx_word' id='word_1_187' title='bbox 184 2500 335 2531; x_wconf 78' lang='lat' dir='ltr'>lationum</span> <span class='ocrx_word' id='word_1_188' title='bbox 356 2501 418 2531; x_wconf 87' lang='lat' dir='ltr'>dici</span> <span class='ocrx_word' id='word_1_189' title='bbox 439 2501 526 2539; x_wconf 85' lang='lat' dir='ltr'>solet,</span> <span class='ocrx_word' id='word_1_190' title='bbox 548 2501 582 2531; x_wconf 89' lang='lat' dir='ltr'>in</span> <span class='ocrx_word' id='word_1_191' title='bbox 603 2503 695 2532; x_wconf 85' lang='lat' dir='ltr'>rebus</span> <span class='ocrx_word' id='word_1_192' title='bbox 715 2501 926 2532; x_wconf 79' lang='lat' dir='ltr'>astronomicis</span> <span class='ocrx_word' id='word_1_193' title='bbox 941 2512 1016 2532; x_wconf 87' lang='lat' dir='ltr'>usus</span> <span class='ocrx_word' id='word_1_194' title='bbox 1058 2501 1131 2533; x_wconf 74' lang='lat' dir='ltr'>rum</span> <span class='ocrx_word' id='word_1_195' title='bbox 1154 2502 1188 2532; x_wconf 88' lang='lat' dir='ltr'>in</span> <span class='ocrx_word' id='word_1_196' title='bbox 1207 2511 1404 2543; x_wconf 83' lang='lat' dir='ltr'>quocumque</span> <span class='ocrx_word' id='word_1_197' title='bbox 1428 2512 1501 2532; x_wconf 83' lang='lat' dir='ltr'>casu</span> <span class='ocrx_word' id='word_1_198' title='bbox 1525 2501 1705 2532; x_wconf 79' lang='lat' dir='ltr'>adhibeatur</span> <span class='ocrx_word' id='word_1_199' title='bbox 1727 2499 1894 2539; x_wconf 69' lang='lat' dir='ltr'>interpola-</span> 
     </span>
     <span class='ocr_line' id='line_1_27' title="bbox 184 2542 1895 2583; baseline -0.001 -10"><span class='ocrx_word' id='word_1_200' title='bbox 184 2544 295 2573; x_wconf 77' lang='lat' dir='ltr'>habere</span> <span class='ocrx_word' id='word_1_201' title='bbox 316 2549 415 2582; x_wconf 83' lang='lat' dir='ltr'>potest</span> <span class='ocrx_word' id='word_1_202' title='bbox 437 2543 576 2574; x_wconf 84' lang='lat' dir='ltr'>eximios.</span> <span class='ocrx_word' id='word_1_203' title='bbox 625 2544 720 2574; x_wconf 85' lang='lat' dir='ltr'>Hanc</span> <span class='ocrx_word' id='word_1_204' title='bbox 734 2543 916 2574; x_wconf 83' lang='lat' dir='ltr'>methodum</span> <span class='ocrx_word' id='word_1_205' title='bbox 929 2544 1015 2574; x_wconf 79' lang='lat' dir='ltr'>adhi-</span> <span class='ocrx_word' id='word_1_206' title='bbox 1060 2544 1181 2575; x_wconf 89' lang='lat' dir='ltr'>tionum</span> <span class='ocrx_word' id='word_1_207' title='bbox 1197 2543 1369 2579; x_wconf 86' lang='lat' dir='ltr'>methodus,</span> <span class='ocrx_word' id='word_1_208' title='bbox 1390 2550 1510 2583; x_wconf 83' lang='lat' dir='ltr'>oportet</span> <span class='ocrx_word' id='word_1_209' title='bbox 1523 2543 1710 2574; x_wconf 76' lang='lat' dir='ltr'>differentias</span> <span class='ocrx_word' id='word_1_210' title='bbox 1723 2542 1895 2572; x_wconf 72' lang='lat' dir='ltr'>observatas</span> 
     </span>
     <span class='ocr_line' id='line_1_28' title="bbox 184 2581 1892 2626; baseline -0.002 -10"><span class='ocrx_word' id='word_1_211' title='bbox 184 2585 252 2616; x_wconf 92' lang='lat' dir='ltr'>buit</span> <span class='ocrx_word' id='word_1_212' title='bbox 266 2584 379 2615; x_wconf 78' lang='lat' dir='ltr'>clariss.</span> <span class='ocrx_word' id='word_1_213' title='bbox 395 2583 536 2616; x_wconf 82' lang='lat' dir='ltr'>Meierus</span> <span class='ocrx_word' id='word_1_214' title='bbox 551 2586 642 2616; x_wconf 91' lang='lat' dir='ltr'>Tom.</span> <span class='ocrx_word' id='word_1_215' title='bbox 658 2585 707 2616; x_wconf 92' lang='lat'>11.</span> <span class='ocrx_word' id='word_1_216' title='bbox 725 2586 900 2617; x_wconf 63' lang='lat' dir='ltr'>Comment„</span> <span class='ocrx_word' id='word_1_217' title='bbox 919 2586 1016 2617; x_wconf 81' lang='lat' dir='ltr'>Acad.</span> <span class='ocrx_word' id='word_1_218' title='bbox 1060 2586 1243 2617; x_wconf 84' lang='lat' dir='ltr'>sensibiliter</span> <span class='ocrx_word' id='word_1_219' title='bbox 1264 2586 1395 2626; x_wconf 81' lang='lat' dir='ltr'>majores</span> <span class='ocrx_word' id='word_1_220' title='bbox 1420 2596 1487 2616; x_wconf 83' lang='lat' dir='ltr'>esse</span> <span class='ocrx_word' id='word_1_221' title='bbox 1510 2585 1660 2615; x_wconf 86' lang='lat' dir='ltr'>erroribus</span> <span class='ocrx_word' id='word_1_222' title='bbox 1682 2584 1736 2625; x_wconf 87' lang='lat' dir='ltr'>qui</span> <span class='ocrx_word' id='word_1_223' title='bbox 1764 2584 1796 2614; x_wconf 90' lang='lat' dir='ltr'>in</span> <span class='ocrx_word' id='word_1_224' title='bbox 1824 2581 1892 2623; x_wconf 58' lang='lat' dir='ltr'>ipsa</span> 
     </span>
     <span class='ocr_line' id='line_1_29' title="bbox 188 2625 1893 2668; baseline -0.001 -10"><span class='ocrx_word' id='word_1_225' title='bbox 188 2627 345 2666; x_wconf 71' lang='lat' dir='ltr'>PetropoL</span> <span class='ocrx_word' id='word_1_226' title='bbox 356 2627 394 2658; x_wconf 84' lang='lat' dir='ltr'>ad</span> <span class='ocrx_word' id='word_1_227' title='bbox 405 2628 622 2668; x_wconf 77' lang='lat' dir='ltr'>Investiganda</span> <span class='ocrx_word' id='word_1_228' title='bbox 630 2628 834 2659; x_wconf 80' lang='lat' dir='ltr'>solstitiorum</span> <span class='ocrx_word' id='word_1_229' title='bbox 844 2629 1016 2659; x_wconf 84' lang='lat' dir='ltr'>Momenta.</span> <span class='ocrx_word' id='word_1_230' title='bbox 1061 2628 1270 2660; x_wconf 85' lang='lat' dir='ltr'>observatione</span> <span class='ocrx_word' id='word_1_231' title='bbox 1284 2628 1434 2659; x_wconf 85' lang='lat' dir='ltr'>committi</span> <span class='ocrx_word' id='word_1_232' title='bbox 1454 2633 1591 2668; x_wconf 53' lang='lat' dir='ltr'>possunt,</span> <span class='ocrx_word' id='word_1_233' title='bbox 1613 2625 1673 2657; x_wconf 60' lang='lat' dir='ltr'>haic</span> <span class='ocrx_word' id='word_1_234' title='bbox 1686 2633 1791 2657; x_wconf 77' lang='lat' dir='ltr'>autem</span> <span class='ocrx_word' id='word_1_235' title='bbox 1805 2625 1893 2657; x_wconf 76' lang='lat' dir='ltr'>adhi-</span> 
     </span>
     <span class='ocr_line' id='line_1_30' title="bbox 187 2669 1893 2711; baseline -0.002 -10"><span class='ocrx_word' id='word_1_236' title='bbox 187 2669 278 2701; x_wconf 63' lang='lat' dir='ltr'>Circaei</span> <span class='ocrx_word' id='word_1_237' title='bbox 299 2675 422 2709; x_wconf 86' lang='lat' dir='ltr'>tempus</span> <span class='ocrx_word' id='word_1_238' title='bbox 443 2670 564 2701; x_wconf 88' lang='lat' dir='ltr'>solstitii</span> <span class='ocrx_word' id='word_1_239' title='bbox 585 2672 783 2701; x_wconf 83' lang='lat' dir='ltr'>observentur</span> <span class='ocrx_word' id='word_1_240' title='bbox 804 2671 915 2711; x_wconf 82' lang='lat' dir='ltr'>aliquae</span> <span class='ocrx_word' id='word_1_241' title='bbox 940 2671 1020 2702; x_wconf 85' lang='lat' dir='ltr'>solis</span> <span class='ocrx_word' id='word_1_242' title='bbox 1062 2671 1125 2702; x_wconf 63' lang='lat' dir='ltr'>bita</span> <span class='ocrx_word' id='word_1_243' title='bbox 1150 2670 1234 2709; x_wconf 70' lang='lat' dir='ltr'>curfi,</span> <span class='ocrx_word' id='word_1_244' title='bbox 1257 2671 1329 2702; x_wconf 80' lang='lat' dir='ltr'>satis</span> <span class='ocrx_word' id='word_1_245' title='bbox 1357 2675 1496 2702; x_wconf 77' lang='lat' dir='ltr'>accurate</span> <span class='ocrx_word' id='word_1_246' title='bbox 1524 2669 1719 2700; x_wconf 70' lang='lat' dir='ltr'>determinari</span> <span class='ocrx_word' id='word_1_247' title='bbox 1747 2673 1893 2709; x_wconf 84' lang='lat' dir='ltr'>poterunt</span> 
     </span>
     <span class='ocr_line' id='line_1_31' title="bbox 184 2710 1892 2753; baseline -0.001 -11"><span class='ocrx_word' id='word_1_248' title='bbox 184 2711 363 2742; x_wconf 59' lang='lat' dir='ltr'>altitudines</span> <span class='ocrx_word' id='word_1_249' title='bbox 384 2712 573 2750; x_wconf 81' lang='lat' dir='ltr'>meridianae,</span> <span class='ocrx_word' id='word_1_250' title='bbox 594 2712 724 2753; x_wconf 75' lang='lat' dir='ltr'>illasque</span> <span class='ocrx_word' id='word_1_251' title='bbox 748 2712 829 2744; x_wconf 87' lang='lat' dir='ltr'>Solis</span> <span class='ocrx_word' id='word_1_252' title='bbox 842 2713 1020 2744; x_wconf 79' lang='lat' dir='ltr'>altitudines</span> <span class='ocrx_word' id='word_1_253' title='bbox 1061 2713 1194 2753; x_wconf 73' lang='lat' dir='ltr'>plurima</span> <span class='ocrx_word' id='word_1_254' title='bbox 1214 2713 1406 2744; x_wconf 79' lang='lat' dir='ltr'>astronomioe</span> <span class='ocrx_word' id='word_1_255' title='bbox 1426 2713 1630 2751; x_wconf 66' lang='lat' dir='ltr'>phenomena</span> <span class='ocrx_word' id='word_1_256' title='bbox 1650 2722 1722 2752; x_wconf 81' lang='lat' dir='ltr'>quae</span> <span class='ocrx_word' id='word_1_257' title='bbox 1741 2710 1802 2742; x_wconf 68' lang='lat' dir='ltr'>alia</span> <span class='ocrx_word' id='word_1_258' title='bbox 1821 2710 1892 2751; x_wconf 80' lang='lat' dir='ltr'>qui-</span> 
     </span>
     <span class='ocr_line' id='line_1_32' title="bbox 182 2753 1892 2795; baseline 0 -12"><span class='ocrx_word' id='word_1_259' title='bbox 182 2760 401 2793; x_wconf 67' lang='lat' dir='ltr'>repraesentent</span> <span class='ocrx_word' id='word_1_260' title='bbox 414 2754 556 2795; x_wconf 76' lang='lat' dir='ltr'>quaedam</span> <span class='ocrx_word' id='word_1_261' title='bbox 568 2755 725 2793; x_wconf 81' lang='lat' dir='ltr'>ordinatae,</span> <span class='ocrx_word' id='word_1_262' title='bbox 741 2761 772 2785; x_wconf 88' lang='lat' dir='ltr'>et</span> <span class='ocrx_word' id='word_1_263' title='bbox 786 2761 923 2794; x_wconf 79' lang='lat' dir='ltr'>tempora</span> <span class='ocrx_word' id='word_1_264' title='bbox 937 2757 1017 2787; x_wconf 82' lang='lat' dir='ltr'>inter</span> <span class='ocrx_word' id='word_1_265' title='bbox 1062 2756 1133 2786; x_wconf 85' lang='lat' dir='ltr'>dem</span> <span class='ocrx_word' id='word_1_266' title='bbox 1149 2755 1198 2786; x_wconf 62' lang='lat' dir='ltr'>via</span> <span class='ocrx_word' id='word_1_267' title='bbox 1209 2756 1309 2787; x_wconf 84' lang='lat' dir='ltr'>forent</span> <span class='ocrx_word' id='word_1_268' title='bbox 1320 2754 1523 2786; x_wconf 71' lang='lat' dir='ltr'>determinem</span> <span class='ocrx_word' id='word_1_269' title='bbox 1532 2753 1724 2784; x_wconf 76' lang='lat' dir='ltr'>difficillima.</span> <span class='ocrx_word' id='word_1_270' title='bbox 1753 2753 1892 2794; x_wconf 66' lang='lat' dir='ltr'>Elegan-</span> 
     </span>
     <span class='ocr_line' id='line_1_33' title="bbox 184 2794 1891 2839; baseline -0.001 -13"><span class='ocrx_word' id='word_1_271' title='bbox 184 2796 407 2827; x_wconf 75' lang='lat' dir='ltr'>observationes</span> <span class='ocrx_word' id='word_1_272' title='bbox 418 2797 520 2836; x_wconf 77' lang='lat' dir='ltr'>elapsa</span> <span class='ocrx_word' id='word_1_273' title='bbox 531 2797 740 2828; x_wconf 72' lang='lat' dir='ltr'>ordinatarum</span> <span class='ocrx_word' id='word_1_274' title='bbox 754 2798 922 2828; x_wconf 87' lang='lat' dir='ltr'>intervallis</span> <span class='ocrx_word' id='word_1_275' title='bbox 931 2798 1016 2829; x_wconf 88' lang='lat' dir='ltr'>exhi·</span> <span class='ocrx_word' id='word_1_276' title='bbox 1059 2798 1214 2829; x_wconf 78' lang='lat' dir='ltr'>tissimum</span> <span class='ocrx_word' id='word_1_277' title='bbox 1228 2798 1364 2839; x_wconf 81' lang='lat' dir='ltr'>ejusdem</span> <span class='ocrx_word' id='word_1_278' title='bbox 1381 2795 1516 2827; x_wconf 81' lang='lat' dir='ltr'>methodi</span> <span class='ocrx_word' id='word_1_279' title='bbox 1535 2795 1713 2835; x_wconf 81' lang='lat' dir='ltr'>exemplum</span> <span class='ocrx_word' id='word_1_280' title='bbox 1727 2795 1812 2827; x_wconf 85' lang='lat' dir='ltr'>dedit</span> <span class='ocrx_word' id='word_1_281' title='bbox 1825 2794 1891 2826; x_wconf 85' lang='lat' dir='ltr'>exi-</span> 
     </span>
     <span class='ocr_line' id='line_1_34' title="bbox 184 2836 1886 2881; baseline 0.001 -14"><span class='ocrx_word' id='word_1_282' title='bbox 184 2839 322 2869; x_wconf 83' lang='lat' dir='ltr'>beantur.</span> <span class='ocrx_word' id='word_1_283' title='bbox 365 2839 490 2870; x_wconf 88' lang='lat' dir='ltr'>Deinde</span> <span class='ocrx_word' id='word_1_284' title='bbox 501 2845 634 2870; x_wconf 81' lang='lat' dir='ltr'>transeat</span> <span class='ocrx_word' id='word_1_285' title='bbox 647 2839 789 2878; x_wconf 72' lang='lat' dir='ltr'>parabola</span> <span class='ocrx_word' id='word_1_286' title='bbox 802 2850 858 2879; x_wconf 87' lang='lat' dir='ltr'>per</span> <span class='ocrx_word' id='word_1_287' title='bbox 872 2841 1016 2871; x_wconf 82' lang='lat' dir='ltr'>extremi-</span> <span class='ocrx_word' id='word_1_288' title='bbox 1058 2841 1142 2872; x_wconf 82' lang='lat' dir='ltr'>mins</span> <span class='ocrx_word' id='word_1_289' title='bbox 1169 2846 1328 2881; x_wconf 70' lang='lat' dir='ltr'>geometr-n</span> <span class='ocrx_word' id='word_1_290' title='bbox 1358 2839 1401 2870; x_wconf 85' lang='lat' dir='ltr'>D.</span> <span class='ocrx_word' id='word_1_291' title='bbox 1433 2838 1571 2870; x_wconf 76' lang='lat' dir='ltr'>elairaut</span> <span class='ocrx_word' id='word_1_292' title='bbox 1598 2838 1633 2869; x_wconf 86' lang='lat' dir='ltr'>in</span> <span class='ocrx_word' id='word_1_293' title='bbox 1664 2839 1752 2869; x_wconf 88' lang='lat' dir='ltr'>Mon.</span> <span class='ocrx_word' id='word_1_294' title='bbox 1787 2836 1886 2869; x_wconf 72' lang='lat' dir='ltr'>Parin.</span> 
     </span>
     <span class='ocr_line' id='line_1_35' title="bbox 183 2879 1887 2922; baseline 0 -12"><span class='ocrx_word' id='word_1_295' title='bbox 183 2886 261 2911; x_wconf 79' lang='lat' dir='ltr'>tates</span> <span class='ocrx_word' id='word_1_296' title='bbox 289 2880 508 2919; x_wconf 81' lang='lat' dir='ltr'>ordinatarum,</span> <span class='ocrx_word' id='word_1_297' title='bbox 537 2883 669 2912; x_wconf 78' lang='lat' dir='ltr'>abscissa</span> <span class='ocrx_word' id='word_1_298' title='bbox 705 2892 775 2922; x_wconf 87' lang='lat' dir='ltr'>quae</span> <span class='ocrx_word' id='word_1_299' title='bbox 803 2883 1017 2922; x_wconf 86' lang='lat' dir='ltr'>correspondet</span> <span class='ocrx_word' id='word_1_300' title='bbox 1058 2893 1109 2913; x_wconf 78' lang='lat' dir='ltr'>an.</span> <span class='ocrx_word' id='word_1_301' title='bbox 1131 2885 1221 2920; x_wconf 80' lang='lat'>1756,</span> <span class='ocrx_word' id='word_1_302' title='bbox 1237 2882 1291 2913; x_wconf 87' lang='lat' dir='ltr'>ubi</span> <span class='ocrx_word' id='word_1_303' title='bbox 1305 2880 1546 2912; x_wconf 74' lang='lat' dir='ltr'>determinandae</span> <span class='ocrx_word' id='word_1_304' title='bbox 1562 2880 1682 2912; x_wconf 80' lang='lat' dir='ltr'>Telluri</span> <span class='ocrx_word' id='word_1_305' title='bbox 1698 2879 1806 2922; x_wconf 64' lang='lat' dir='ltr'>figura</span> <span class='ocrx_word' id='word_1_306' title='bbox 1819 2888 1887 2910; x_wconf 81' lang='lat' dir='ltr'>mo-</span> 
     </span>
     <span class='ocr_line' id='line_1_36' title="bbox 183 2921 1886 2964; baseline 0.001 -13"><span class='ocrx_word' id='word_1_307' title='bbox 183 2921 320 2953; x_wconf 87' lang='lat' dir='ltr'>minimae</span> <span class='ocrx_word' id='word_1_308' title='bbox 335 2923 491 2961; x_wconf 81' lang='lat' dir='ltr'>ordinatoe,</span> <span class='ocrx_word' id='word_1_309' title='bbox 514 2930 636 2963; x_wconf 86' lang='lat' dir='ltr'>tempus</span> <span class='ocrx_word' id='word_1_310' title='bbox 649 2923 768 2954; x_wconf 82' lang='lat' dir='ltr'>solstitii</span> <span class='ocrx_word' id='word_1_311' title='bbox 790 2923 1012 2956; x_wconf 78' lang='lat' dir='ltr'>determinabit.</span> <span class='ocrx_word' id='word_1_312' title='bbox 1058 2925 1135 2956; x_wconf 89' lang='lat' dir='ltr'>dum</span> <span class='ocrx_word' id='word_1_313' title='bbox 1149 2925 1274 2964; x_wconf 74' lang='lat' dir='ltr'>exponit</span> <span class='ocrx_word' id='word_1_314' title='bbox 1288 2933 1325 2954; x_wconf 83' lang='lat' dir='ltr'>ex</span> <span class='ocrx_word' id='word_1_315' title='bbox 1340 2923 1485 2954; x_wconf 58' lang='lat' dir='ltr'>mensur&amp;</span> <span class='ocrx_word' id='word_1_316' title='bbox 1506 2923 1641 2962; x_wconf 82' lang='lat' dir='ltr'>plurium</span> <span class='ocrx_word' id='word_1_317' title='bbox 1657 2921 1816 2954; x_wconf 73' lang='lat' dir='ltr'>meridiani</span> <span class='ocrx_word' id='word_1_318' title='bbox 1837 2930 1886 2952; x_wconf 72' lang='lat' dir='ltr'>ar·</span> 
     </span>
     <span class='ocr_line' id='line_1_37' title="bbox 186 2963 1680 3007; baseline 0.001 -13"><span class='ocrx_word' id='word_1_319' title='bbox 186 2964 340 2995; x_wconf 75' lang='lat' dir='ltr'>caeterum</span> <span class='ocrx_word' id='word_1_320' title='bbox 375 2965 496 2996; x_wconf 82' lang='lat' dir='ltr'>definiri</span> <span class='ocrx_word' id='word_1_321' title='bbox 530 2972 630 3006; x_wconf 81' lang='lat' dir='ltr'>potest</span> <span class='ocrx_word' id='word_1_322' title='bbox 659 2973 781 3006; x_wconf 76' lang='lat' dir='ltr'>tempus</span> <span class='ocrx_word' id='word_1_323' title='bbox 807 2966 928 2998; x_wconf 79' lang='lat' dir='ltr'>solstitii</span> <span class='ocrx_word' id='word_1_324' title='bbox 962 2977 1018 3007; x_wconf 82' lang='lat' dir='ltr'>per</span> <span class='ocrx_word' id='word_1_325' title='bbox 1057 2977 1154 2998; x_wconf 86' lang='lat' dir='ltr'>cuum</span> <span class='ocrx_word' id='word_1_326' title='bbox 1168 2967 1202 2997; x_wconf 81' lang='lat' dir='ltr'>in</span> <span class='ocrx_word' id='word_1_327' title='bbox 1215 2965 1342 2998; x_wconf 81' lang='lat' dir='ltr'>diversis</span> <span class='ocrx_word' id='word_1_328' title='bbox 1355 2965 1570 2997; x_wconf 78' lang='lat' dir='ltr'>latitudinibus</span> <span class='ocrx_word' id='word_1_329' title='bbox 1583 2963 1680 3005; x_wconf 60' lang='lat' dir='ltr'>capta·</span> 
     </span>
    </p>
   </div>
   <div class='ocr_carea' id='block_1_11' title="bbox 2059 3053 2072 3493">
    <p class='ocr_par' dir='ltr' id='par_1_14' title="bbox 2059 3053 2072 3493">
     <span class='ocr_line' id='line_1_38' title="bbox 2059 3053 2072 3493; textangle 90"><span class='ocrx_word' id='word_1_330' title='bbox 2064 3479 2072 3493; x_wconf 65' lang='lat' dir='ltr'><em>l</em></span> <span class='ocrx_word' id='word_1_331' title='bbox 2061 3437 2066 3444; x_wconf 81' lang='grc'><em>·</em></span> <span class='ocrx_word' id='word_1_332' title='bbox 2059 3147 2072 3358; x_wconf 43' lang='grc' dir='ltr'>«ΔΑ-,κιιζιᾼῑῆ</span> <span class='ocrx_word' id='word_1_333' title='bbox 2060 3120 2062 3122; x_wconf 68' lang='grc'><em>”</em></span> <span class='ocrx_word' id='word_1_334' title='bbox 2063 3053 2072 3102; x_wconf 52' lang='grc' dir='ltr'>κ»..-</span> 
     </span>
    </p>
   </div>
  </div>
 </body>
</html>
