<?xml version="1.0" encoding="UTF-8"?>
<!DOCTYPE html PUBLIC "-//W3C//DTD XHTML 1.0 Transitional//EN"
    "http://www.w3.org/TR/xhtml1/DTD/xhtml1-transitional.dtd">
<html xmlns="http://www.w3.org/1999/xhtml" xml:lang="en" lang="en">
 <head>
  <title>
</title>
<meta http-equiv="Content-Type" content="text/html;charset=utf-8" />
  <meta name='ocr-system' content='tesseract 3.04.00' />
  <meta name='ocr-capabilities' content='ocr_page ocr_carea ocr_par ocr_line ocrx_word'/>
</head>
<body>
  <div class='ocr_page' id='page_1' title='image "./philosophiaenatu04newtuoft_0016.png"; bbox 0 0 2072 3522; ppageno 0'>
   <div class='ocr_carea' id='block_1_1' title="bbox 239 267 1723 323">
    <p class='ocr_par' dir='ltr' id='par_1_1' title="bbox 239 267 1723 323">
     <span class='ocr_line' id='line_1_1' title="bbox 239 267 1723 323; baseline 0.001 -15"><span class='ocrx_word' id='word_1_1' title='bbox 239 270 278 308; x_wconf 92' lang='lat' dir='ltr'><strong>vi</strong></span> <span class='ocrx_word' id='word_1_2' title='bbox 452 267 894 310; x_wconf 86' lang='lat' dir='ltr'><strong>INTRODUCTIO</strong></span> <span class='ocrx_word' id='word_1_3' title='bbox 923 268 1010 323; x_wconf 85' lang='lat' dir='ltr'><strong>AD</strong></span> <span class='ocrx_word' id='word_1_4' title='bbox 1043 267 1231 310; x_wconf 85' lang='lat' dir='ltr'>LUNAE</span> <span class='ocrx_word' id='word_1_5' title='bbox 1262 267 1617 320; x_wconf 89' lang='lat' dir='ltr'><strong>THEORIAM,</strong></span> <span class='ocrx_word' id='word_1_6' title='bbox 1647 270 1723 312; x_wconf 87' lang='lat' dir='ltr'><strong>&amp;c.</strong></span> 
     </span>
    </p>
   </div>
   <div class='ocr_carea' id='block_1_2' title="bbox 231 375 2072 2506">
    <p class='ocr_par' dir='ltr' id='par_1_2' title="bbox 235 375 1940 579">
     <span class='ocr_line' id='line_1_2' title="bbox 293 375 1940 436; baseline 0 -15"><span class='ocrx_word' id='word_1_7' title='bbox 293 379 453 422; x_wconf 70' lang='lat' dir='ltr'><strong>Eadem</strong></span> <span class='ocrx_word' id='word_1_8' title='bbox 482 380 651 431; x_wconf 87' lang='lat' dir='ltr'><strong>ratione,</strong></span> <span class='ocrx_word' id='word_1_9' title='bbox 682 380 926 421; x_wconf 82' lang='lat' dir='ltr'><strong>variationes</strong></span> <span class='ocrx_word' id='word_1_10' title='bbox 954 388 1090 421; x_wconf 88' lang='lat' dir='ltr'><strong>motus</strong></span> <span class='ocrx_word' id='word_1_11' title='bbox 1119 379 1279 436; x_wconf 83' lang='lat' dir='ltr'><strong>apogaei</strong></span> <span class='ocrx_word' id='word_1_12' title='bbox 1308 387 1349 420; x_wconf 91' lang='lat' dir='ltr'><strong>et</strong></span> <span class='ocrx_word' id='word_1_13' title='bbox 1376 387 1513 420; x_wconf 87' lang='lat' dir='ltr'><strong>motus</strong></span> <span class='ocrx_word' id='word_1_14' title='bbox 1542 379 1751 420; x_wconf 90' lang='lat' dir='ltr'><strong>nodorum</strong></span> <span class='ocrx_word' id='word_1_15' title='bbox 1779 391 1832 419; x_wconf 85' lang='lat' dir='ltr'><strong>ex</strong></span> <span class='ocrx_word' id='word_1_16' title='bbox 1858 375 1940 421; x_wconf 76' lang='lat' dir='ltr'><strong>sim</strong></span> 
     </span>
     <span class='ocr_line' id='line_1_3' title="bbox 235 448 1940 507; baseline -0.002 -14"><span class='ocrx_word' id='word_1_17' title='bbox 235 451 398 494; x_wconf 88' lang='lat' dir='ltr'><strong>diverso</strong></span> <span class='ocrx_word' id='word_1_18' title='bbox 416 452 561 493; x_wconf 88' lang='lat' dir='ltr'><strong>Terrae</strong></span> <span class='ocrx_word' id='word_1_19' title='bbox 581 452 634 493; x_wconf 90' lang='lat' dir='ltr'><strong>ad</strong></span> <span class='ocrx_word' id='word_1_20' title='bbox 654 449 872 507; x_wconf 68' lang='lat' dir='ltr'><strong>aphelium&#39;</strong></span> <span class='ocrx_word' id='word_1_21' title='bbox 883 460 955 493; x_wconf 84' lang='lat' dir='ltr'><strong>aut</strong></span> <span class='ocrx_word' id='word_1_22' title='bbox 966 451 1213 507; x_wconf 91' lang='lat' dir='ltr'><strong>perihelium</strong></span> <span class='ocrx_word' id='word_1_23' title='bbox 1229 465 1349 492; x_wconf 89' lang='lat' dir='ltr'><strong>suum</strong></span> <span class='ocrx_word' id='word_1_24' title='bbox 1369 466 1423 492; x_wconf 85' lang='lat' dir='ltr'><strong>ex</strong></span> <span class='ocrx_word' id='word_1_25' title='bbox 1442 450 1656 506; x_wconf 91' lang='lat' dir='ltr'><strong>utriusque</strong></span> <span class='ocrx_word' id='word_1_26' title='bbox 1670 458 1787 490; x_wconf 89' lang='lat' dir='ltr'><strong>motu</strong></span> <span class='ocrx_word' id='word_1_27' title='bbox 1800 448 1940 490; x_wconf 89' lang='lat' dir='ltr'><strong>medio</strong></span> 
     </span>
     <span class='ocr_line' id='line_1_4' title="bbox 235 522 1289 579; baseline 0 -16"><span class='ocrx_word' id='word_1_28' title='bbox 235 522 333 564; x_wconf 90' lang='lat' dir='ltr'><strong>dato</strong></span> <span class='ocrx_word' id='word_1_29' title='bbox 353 523 396 563; x_wconf 93' lang='lat' dir='ltr'><strong>in</strong></span> <span class='ocrx_word' id='word_1_30' title='bbox 415 522 597 564; x_wconf 91' lang='lat' dir='ltr'><strong>secundo</strong></span> <span class='ocrx_word' id='word_1_31' title='bbox 615 522 879 579; x_wconf 81' lang='lat' dir='ltr'><strong>paragrapho</strong></span> <span class='ocrx_word' id='word_1_32' title='bbox 900 522 1085 563; x_wconf 88' lang='lat' dir='ltr'><strong>derivare</strong></span> <span class='ocrx_word' id='word_1_33' title='bbox 1106 522 1289 564; x_wconf 89' lang='lat' dir='ltr'><strong>docetur.</strong></span> 
     </span>
    </p>

    <p class='ocr_par' dir='ltr' id='par_1_3' title="bbox 235 590 1976 796">
     <span class='ocr_line' id='line_1_5' title="bbox 293 590 1940 648; baseline -0.001 -14"><span class='ocrx_word' id='word_1_34' title='bbox 293 593 376 634; x_wconf 90' lang='lat' dir='ltr'><strong>His</strong></span> <span class='ocrx_word' id='word_1_35' title='bbox 407 607 461 635; x_wconf 86' lang='lat' dir='ltr'><strong>ex</strong></span> <span class='ocrx_word' id='word_1_36' title='bbox 489 593 796 635; x_wconf 78' lang='lat' dir='ltr'><strong>excentricitate</strong></span> <span class='ocrx_word' id='word_1_37' title='bbox 815 593 961 636; x_wconf 86' lang='lat' dir='ltr'><strong>orbitae</strong></span> <span class='ocrx_word' id='word_1_38' title='bbox 981 593 1161 636; x_wconf 84' lang='lat' dir='ltr'>Telluris</span> <span class='ocrx_word' id='word_1_39' title='bbox 1180 592 1367 635; x_wconf 85' lang='lat' dir='ltr'><strong>deductis</strong></span> <span class='ocrx_word' id='word_1_40' title='bbox 1397 592 1646 648; x_wconf 88' lang='lat' dir='ltr'><strong>adjungatur</strong></span> <span class='ocrx_word' id='word_1_41' title='bbox 1665 590 1940 633; x_wconf 86' lang='lat' dir='ltr'><strong>consideratio</strong></span> 
     </span>
     <span class='ocr_line' id='line_1_6' title="bbox 236 652 1976 723; baseline -0.001 -16"><span class='ocrx_word' id='word_1_42' title='bbox 236 666 552 707; x_wconf 87' lang='lat' dir='ltr'><strong>excentricitatis</strong></span> <span class='ocrx_word' id='word_1_43' title='bbox 583 666 730 708; x_wconf 86' lang='lat' dir='ltr'><strong>orbitae</strong></span> <span class='ocrx_word' id='word_1_44' title='bbox 758 667 927 718; x_wconf 84' lang='lat' dir='ltr'><strong>lunaris,</strong></span> <span class='ocrx_word' id='word_1_45' title='bbox 959 674 1030 709; x_wconf 90' lang='lat' dir='ltr'><strong>aut</strong></span> <span class='ocrx_word' id='word_1_46' title='bbox 1059 667 1146 723; x_wconf 89' lang='lat' dir='ltr'><strong>ejus</strong></span> <span class='ocrx_word' id='word_1_47' title='bbox 1173 666 1449 709; x_wconf 85' lang='lat' dir='ltr'>inclinationis</span> <span class='ocrx_word' id='word_1_48' title='bbox 1479 666 1532 707; x_wconf 88' lang='lat' dir='ltr'><strong>ad</strong></span> <span class='ocrx_word' id='word_1_49' title='bbox 1561 665 1812 721; x_wconf 84' lang='lat' dir='ltr'><strong>eclipticam:</strong></span> <span class='ocrx_word' id='word_1_50' title='bbox 1841 664 1937 707; x_wconf 89' lang='lat' dir='ltr'><strong>inde</strong></span> <span class='ocrx_word' id='word_1_51' title='bbox 1974 652 1976 655; x_wconf 16' lang='lat' dir='ltr'>V</span> 
     </span>
     <span class='ocr_line' id='line_1_7' title="bbox 235 739 1233 796; baseline 0.003 -17"><span class='ocrx_word' id='word_1_52' title='bbox 235 753 353 779; x_wconf 89' lang='lat' dir='ltr'><strong>novae</strong></span> <span class='ocrx_word' id='word_1_53' title='bbox 373 739 693 796; x_wconf 85' lang='lat' dir='ltr'><strong>irregularitates</strong></span> <span class='ocrx_word' id='word_1_54' title='bbox 713 740 921 795; x_wconf 86' lang='lat' dir='ltr'><strong>prioribus</strong></span> <span class='ocrx_word' id='word_1_55' title='bbox 941 740 1233 782; x_wconf 84' lang='lat' dir='ltr'><strong>adnascuntur.</strong></span> 
     </span>
    </p>

    <p class='ocr_par' dir='ltr' id='par_1_4' title="bbox 232 809 1960 1156">
     <span class='ocr_line' id='line_1_8' title="bbox 294 809 1941 866; baseline 0.002 -16"><span class='ocrx_word' id='word_1_56' title='bbox 294 809 450 861; x_wconf 75' lang='lat' dir='ltr'><strong>Primo,</strong></span> <span class='ocrx_word' id='word_1_57' title='bbox 468 811 620 852; x_wconf 89' lang='lat' dir='ltr'><strong>mensis</strong></span> <span class='ocrx_word' id='word_1_58' title='bbox 634 811 867 866; x_wconf 89' lang='lat' dir='ltr'><strong>periodicus</strong></span> <span class='ocrx_word' id='word_1_59' title='bbox 881 812 1007 866; x_wconf 91' lang='lat' dir='ltr'><strong>paulo</strong></span> <span class='ocrx_word' id='word_1_60' title='bbox 1026 812 1159 866; x_wconf 89' lang='lat' dir='ltr'><strong>major</strong></span> <span class='ocrx_word' id='word_1_61' title='bbox 1179 811 1227 852; x_wconf 87' lang='lat' dir='ltr'><strong>fit</strong></span> <span class='ocrx_word' id='word_1_62' title='bbox 1246 810 1342 853; x_wconf 74' lang='lat' dir='ltr'><strong>cum</strong></span> <span class='ocrx_word' id='word_1_63' title='bbox 1360 811 1470 852; x_wconf 92' lang='lat' dir='ltr'><strong>linea</strong></span> <span class='ocrx_word' id='word_1_64' title='bbox 1493 810 1685 866; x_wconf 90' lang='lat' dir='ltr'><strong>apsidum</strong></span> <span class='ocrx_word' id='word_1_65' title='bbox 1703 825 1780 866; x_wconf 90' lang='lat' dir='ltr'><strong>per</strong></span> <span class='ocrx_word' id='word_1_66' title='bbox 1801 811 1941 853; x_wconf 85' lang='lat' dir='ltr'><strong>Solem</strong></span> 
     </span>
     <span class='ocr_line' id='line_1_9' title="bbox 235 879 1942 939; baseline 0.002 -19"><span class='ocrx_word' id='word_1_67' title='bbox 235 881 383 921; x_wconf 87' lang='lat' dir='ltr'><strong>transit</strong></span> <span class='ocrx_word' id='word_1_68' title='bbox 401 879 525 936; x_wconf 76' lang='lat' dir='ltr'><strong>quam</strong></span> <span class='ocrx_word' id='word_1_69' title='bbox 554 879 650 922; x_wconf 74' lang='lat' dir='ltr'><strong>cum</strong></span> <span class='ocrx_word' id='word_1_70' title='bbox 669 882 749 937; x_wconf 91' lang='lat' dir='ltr'><strong>ipsi</strong></span> <span class='ocrx_word' id='word_1_71' title='bbox 769 890 830 923; x_wconf 90' lang='lat' dir='ltr'><strong>est</strong></span> <span class='ocrx_word' id='word_1_72' title='bbox 847 883 1213 937; x_wconf 86' lang='lat' dir='ltr'><strong>perpendicularis,</strong></span> <span class='ocrx_word' id='word_1_73' title='bbox 1244 883 1342 924; x_wconf 91' lang='lat' dir='ltr'><strong>hinc</strong></span> <span class='ocrx_word' id='word_1_74' title='bbox 1371 883 1572 924; x_wconf 89' lang='lat' dir='ltr'><strong>correctio</strong></span> <span class='ocrx_word' id='word_1_75' title='bbox 1592 898 1701 924; x_wconf 87' lang='lat' dir='ltr'><strong>nova</strong></span> <span class='ocrx_word' id='word_1_76' title='bbox 1719 883 1942 939; x_wconf 85' lang='lat' dir='ltr'><strong>aequationi</strong></span> 
     </span>
     <span class='ocr_line' id='line_1_10' title="bbox 233 950 1960 1013; baseline 0.003 -23"><span class='ocrx_word' id='word_1_77' title='bbox 233 958 369 991; x_wconf 90' lang='lat' dir='ltr'><strong>motus</strong></span> <span class='ocrx_word' id='word_1_78' title='bbox 396 950 534 1001; x_wconf 84' lang='lat' dir='ltr'><strong>medii,</strong></span> <span class='ocrx_word' id='word_1_79' title='bbox 570 966 663 1007; x_wconf 87' lang='lat' dir='ltr'><strong>quae</strong></span> <span class='ocrx_word' id='word_1_80' title='bbox 695 952 739 992; x_wconf 91' lang='lat' dir='ltr'><strong>in</strong></span> <span class='ocrx_word' id='word_1_81' title='bbox 769 952 904 1007; x_wconf 90' lang='lat' dir='ltr'><strong>primo</strong></span> <span class='ocrx_word' id='word_1_82' title='bbox 935 953 1090 995; x_wconf 90' lang='lat' dir='ltr'><strong>Scholii</strong></span> <span class='ocrx_word' id='word_1_83' title='bbox 1117 954 1379 1010; x_wconf 85' lang='lat' dir='ltr'><strong>paragrapho</strong></span> <span class='ocrx_word' id='word_1_84' title='bbox 1406 953 1640 1009; x_wconf 84' lang='lat' dir='ltr'><strong>exponitur,</strong></span> <span class='ocrx_word' id='word_1_85' title='bbox 1663 961 1725 995; x_wconf 90' lang='lat' dir='ltr'><strong>est</strong></span> <span class='ocrx_word' id='word_1_86' title='bbox 1741 953 1960 1013; x_wconf 41' lang='lat' dir='ltr'><strong>facienda,</strong></span> 
     </span>
     <span class='ocr_line' id='line_1_11' title="bbox 233 1025 1944 1083; baseline 0.001 -17"><span class='ocrx_word' id='word_1_87' title='bbox 233 1025 341 1067; x_wconf 90' lang='lat' dir='ltr'><strong>hanc</strong></span> <span class='ocrx_word' id='word_1_88' title='bbox 359 1041 510 1067; x_wconf 87' lang='lat' dir='ltr'><strong>novam</strong></span> <span class='ocrx_word' id='word_1_89' title='bbox 529 1027 803 1082; x_wconf 88' lang='lat' dir='ltr'><strong>aequationem</strong></span> <span class='ocrx_word' id='word_1_90' title='bbox 832 1027 889 1068; x_wconf 91' lang='lat' dir='ltr'><strong>ill.</strong></span> <span class='ocrx_word' id='word_1_91' title='bbox 915 1027 1111 1069; x_wconf 89' lang='lat' dir='ltr'><strong>Cassinus</strong></span> <span class='ocrx_word' id='word_1_92' title='bbox 1133 1028 1300 1069; x_wconf 88' lang='lat' dir='ltr'><strong>exhibet</strong></span> <span class='ocrx_word' id='word_1_93' title='bbox 1328 1029 1372 1069; x_wconf 92' lang='lat' dir='ltr'><strong>in</strong></span> <span class='ocrx_word' id='word_1_94' title='bbox 1401 1028 1551 1070; x_wconf 86' lang='lat' dir='ltr'><strong>tabella</strong></span> <span class='ocrx_word' id='word_1_95' title='bbox 1573 1028 1689 1083; x_wconf 87' lang='lat' dir='ltr'><strong>cujus</strong></span> <span class='ocrx_word' id='word_1_96' title='bbox 1709 1026 1851 1069; x_wconf 82' lang='lat' dir='ltr'><strong>titulus</strong></span> <span class='ocrx_word' id='word_1_97' title='bbox 1878 1031 1944 1068; x_wconf 85' lang='lat' dir='ltr'><strong>est</strong></span> 
     </span>
     <span class='ocr_line' id='line_1_12' title="bbox 232 1099 1675 1156; baseline 0.001 -17"><span class='ocrx_word' id='word_1_98' title='bbox 232 1099 413 1140; x_wconf 73' lang='lat' dir='ltr'><strong>Secunda</strong></span> <span class='ocrx_word' id='word_1_99' title='bbox 434 1099 636 1154; x_wconf 83' lang='lat' dir='ltr'><strong>AEquatz&#39;o</strong></span> <span class='ocrx_word' id='word_1_100' title='bbox 655 1099 809 1141; x_wconf 84' lang='lat' dir='ltr'><strong>Solaris</strong></span> <span class='ocrx_word' id='word_1_101' title='bbox 828 1107 869 1141; x_wconf 91' lang='lat' dir='ltr'><strong>et</strong></span> <span class='ocrx_word' id='word_1_102' title='bbox 887 1100 1009 1141; x_wconf 88' lang='lat' dir='ltr'><strong>tertio</strong></span> <span class='ocrx_word' id='word_1_103' title='bbox 1027 1101 1290 1156; x_wconf 84' lang='lat' dir='ltr'><strong>paragrapho</strong></span> <span class='ocrx_word' id='word_1_104' title='bbox 1312 1101 1467 1142; x_wconf 91' lang='lat' dir='ltr'><strong>Scholii</strong></span> <span class='ocrx_word' id='word_1_105' title='bbox 1486 1100 1675 1142; x_wconf 69' lang='lat' dir='ltr'><strong>traditur.</strong></span> 
     </span>
    </p>

    <p class='ocr_par' dir='ltr' id='par_1_5' title="bbox 231 1167 1947 1370">
     <span class='ocr_line' id='line_1_13' title="bbox 291 1167 1947 1227; baseline 0 -18"><span class='ocrx_word' id='word_1_106' title='bbox 291 1168 442 1210; x_wconf 86' lang='lat' dir='ltr'><strong>Itidem</strong></span> <span class='ocrx_word' id='word_1_107' title='bbox 463 1169 497 1210; x_wconf 90' lang='lat' dir='ltr'><strong>si</strong></span> <span class='ocrx_word' id='word_1_108' title='bbox 515 1169 625 1211; x_wconf 88' lang='lat' dir='ltr'><strong>linea</strong></span> <span class='ocrx_word' id='word_1_109' title='bbox 637 1170 845 1211; x_wconf 91' lang='lat' dir='ltr'><strong>nodorum</strong></span> <span class='ocrx_word' id='word_1_110' title='bbox 857 1185 934 1225; x_wconf 87' lang='lat' dir='ltr'><strong>per</strong></span> <span class='ocrx_word' id='word_1_111' title='bbox 949 1171 1089 1212; x_wconf 86' lang='lat' dir='ltr'><strong>Solem</strong></span> <span class='ocrx_word' id='word_1_112' title='bbox 1100 1178 1293 1222; x_wconf 86' lang='lat' dir='ltr'><strong>transeat,</strong></span> <span class='ocrx_word' id='word_1_113' title='bbox 1308 1171 1434 1227; x_wconf 91' lang='lat' dir='ltr'><strong>paulo</strong></span> <span class='ocrx_word' id='word_1_114' title='bbox 1445 1171 1578 1226; x_wconf 89' lang='lat' dir='ltr'><strong>major</strong></span> <span class='ocrx_word' id='word_1_115' title='bbox 1597 1170 1675 1212; x_wconf 91' lang='lat' dir='ltr'><strong>erit</strong></span> <span class='ocrx_word' id='word_1_116' title='bbox 1692 1168 1800 1211; x_wconf 84' lang='lat' dir='ltr'><strong>Solis</strong></span> <span class='ocrx_word' id='word_1_117' title='bbox 1821 1167 1947 1218; x_wconf 70' lang='lat' dir='ltr'><strong>actio,</strong></span> 
     </span>
     <span class='ocr_line' id='line_1_14' title="bbox 232 1240 1944 1296; baseline -0.001 -16"><span class='ocrx_word' id='word_1_118' title='bbox 232 1247 273 1280; x_wconf 89' lang='lat' dir='ltr'><strong>et</strong></span> <span class='ocrx_word' id='word_1_119' title='bbox 303 1240 504 1281; x_wconf 89' lang='lat' dir='ltr'><strong>correctio</strong></span> <span class='ocrx_word' id='word_1_120' title='bbox 523 1255 634 1281; x_wconf 91' lang='lat' dir='ltr'><strong>nova</strong></span> <span class='ocrx_word' id='word_1_121' title='bbox 653 1241 804 1282; x_wconf 83' lang='lat' dir='ltr'><strong>exinde</strong></span> <span class='ocrx_word' id='word_1_122' title='bbox 823 1248 1014 1282; x_wconf 88' lang='lat' dir='ltr'><strong>nascetur</strong></span> <span class='ocrx_word' id='word_1_123' title='bbox 1041 1241 1175 1282; x_wconf 91' lang='lat' dir='ltr'><strong>eidem</strong></span> <span class='ocrx_word' id='word_1_124' title='bbox 1194 1242 1326 1283; x_wconf 89' lang='lat' dir='ltr'><strong>motui</strong></span> <span class='ocrx_word' id='word_1_125' title='bbox 1345 1241 1496 1293; x_wconf 90' lang='lat' dir='ltr'><strong>medio,</strong></span> <span class='ocrx_word' id='word_1_126' title='bbox 1529 1241 1637 1282; x_wconf 90' lang='lat' dir='ltr'><strong>hanc</strong></span> <span class='ocrx_word' id='word_1_127' title='bbox 1657 1246 1804 1296; x_wconf 85' lang='lat' dir='ltr'><strong>quarto</strong></span> <span class='ocrx_word' id='word_1_128' title='bbox 1822 1252 1944 1294; x_wconf 84' lang='lat' dir='ltr'><strong>para-</strong></span> 
     </span>
     <span class='ocr_line' id='line_1_15' title="bbox 231 1311 1009 1370; baseline 0.001 -17"><span class='ocrx_word' id='word_1_129' title='bbox 231 1311 394 1370; x_wconf 86' lang='lat' dir='ltr'><strong>grapho</strong></span> <span class='ocrx_word' id='word_1_130' title='bbox 417 1311 574 1354; x_wconf 85' lang='lat' dir='ltr'><strong>Scholii</strong></span> <span class='ocrx_word' id='word_1_131' title='bbox 592 1311 749 1354; x_wconf 88' lang='lat' dir='ltr'><strong>indicat</strong></span> <span class='ocrx_word' id='word_1_132' title='bbox 770 1312 1009 1354; x_wconf 84' lang='lat' dir='ltr'><strong>Newtonus.</strong></span> 
     </span>
    </p>

    <p class='ocr_par' dir='ltr' id='par_1_6' title="bbox 231 1379 1946 1583">
     <span class='ocr_line' id='line_1_16' title="bbox 291 1379 1944 1440; baseline -0.004 -14"><span class='ocrx_word' id='word_1_133' title='bbox 291 1384 499 1426; x_wconf 86' lang='lat' dir='ltr'><strong>Praeterea</strong></span> <span class='ocrx_word' id='word_1_134' title='bbox 539 1384 825 1426; x_wconf 83' lang='lat' dir='ltr'><strong>excentricitas</strong></span> <span class='ocrx_word' id='word_1_135' title='bbox 864 1384 969 1440; x_wconf 43' lang='lat' dir='ltr'><strong>ipsa,</strong></span> <span class='ocrx_word' id='word_1_136' title='bbox 995 1384 1142 1426; x_wconf 86' lang='lat' dir='ltr'><strong>orbitae</strong></span> <span class='ocrx_word' id='word_1_137' title='bbox 1180 1383 1335 1425; x_wconf 89' lang='lat' dir='ltr'><strong>lunaris</strong></span> <span class='ocrx_word' id='word_1_138' title='bbox 1375 1398 1429 1424; x_wconf 86' lang='lat' dir='ltr'><strong>ex</strong></span> <span class='ocrx_word' id='word_1_139' title='bbox 1467 1382 1631 1424; x_wconf 85' lang='lat' dir='ltr'><strong>diverso</strong></span> <span class='ocrx_word' id='word_1_140' title='bbox 1665 1381 1747 1422; x_wconf 87' lang='lat' dir='ltr'><strong>situ</strong></span> <span class='ocrx_word' id='word_1_141' title='bbox 1782 1379 1944 1435; x_wconf 87' lang='lat' dir='ltr'><strong>apogaei</strong></span> 
     </span>
     <span class='ocr_line' id='line_1_17' title="bbox 231 1449 1946 1511; baseline -0.003 -15"><span class='ocrx_word' id='word_1_142' title='bbox 231 1463 422 1510; x_wconf 89' lang='lat' dir='ltr'><strong>respectu</strong></span> <span class='ocrx_word' id='word_1_143' title='bbox 445 1455 552 1497; x_wconf 91' lang='lat' dir='ltr'><strong>Solis</strong></span> <span class='ocrx_word' id='word_1_144' title='bbox 572 1463 768 1504; x_wconf 85' lang='lat' dir='ltr'><strong>mutatur,</strong></span> <span class='ocrx_word' id='word_1_145' title='bbox 799 1470 911 1496; x_wconf 93' lang='lat' dir='ltr'><strong>nunc</strong></span> <span class='ocrx_word' id='word_1_146' title='bbox 930 1456 1063 1511; x_wconf 91' lang='lat' dir='ltr'><strong>major</strong></span> <span class='ocrx_word' id='word_1_147' title='bbox 1082 1469 1193 1496; x_wconf 91' lang='lat' dir='ltr'><strong>nunc</strong></span> <span class='ocrx_word' id='word_1_148' title='bbox 1212 1455 1350 1496; x_wconf 90' lang='lat' dir='ltr'><strong>minor</strong></span> <span class='ocrx_word' id='word_1_149' title='bbox 1369 1452 1518 1503; x_wconf 84' lang='lat' dir='ltr'><strong>evadit,</strong></span> <span class='ocrx_word' id='word_1_150' title='bbox 1549 1452 1674 1509; x_wconf 89' lang='lat' dir='ltr'><strong>idque</strong></span> <span class='ocrx_word' id='word_1_151' title='bbox 1694 1451 1818 1492; x_wconf 85' lang='lat' dir='ltr'><strong>etiam</strong></span> <span class='ocrx_word' id='word_1_152' title='bbox 1845 1449 1946 1490; x_wconf 70' lang='lat' dir='ltr'><strong>inae-</strong></span> 
     </span>
     <span class='ocr_line' id='line_1_18' title="bbox 231 1524 1872 1583; baseline 0.001 -16"><span class='ocrx_word' id='word_1_153' title='bbox 231 1526 411 1583; x_wconf 85' lang='lat' dir='ltr'><strong>qualiter</strong></span> <span class='ocrx_word' id='word_1_154' title='bbox 430 1541 509 1582; x_wconf 92' lang='lat' dir='ltr'><strong>pro</strong></span> <span class='ocrx_word' id='word_1_155' title='bbox 529 1526 722 1568; x_wconf 67' lang='lat' dir='ltr'><strong>distantia</strong></span> <span class='ocrx_word' id='word_1_156' title='bbox 745 1526 928 1568; x_wconf 82' lang='lat' dir='ltr'><strong>Telluris</strong></span> <span class='ocrx_word' id='word_1_157' title='bbox 949 1542 974 1568; x_wconf 91' lang='lat' dir='ltr'><strong>a</strong></span> <span class='ocrx_word' id='word_1_158' title='bbox 997 1526 1106 1569; x_wconf 91' lang='lat' dir='ltr'><strong>Sole.</strong></span> <span class='ocrx_word' id='word_1_159' title='bbox 1869 1524 1872 1526; x_wconf 51' lang='grc'>’</span> 
     </span>
    </p>

    <p class='ocr_par' dir='ltr' id='par_1_7' title="bbox 232 1590 1948 1851">
     <span class='ocr_line' id='line_1_19' title="bbox 291 1590 1947 1655; baseline -0.002 -16"><span class='ocrx_word' id='word_1_160' title='bbox 291 1598 453 1639; x_wconf 89' lang='lat' dir='ltr'><strong>Rursus</strong></span> <span class='ocrx_word' id='word_1_161' title='bbox 483 1598 572 1653; x_wconf 89' lang='lat' dir='ltr'><strong>ipse</strong></span> <span class='ocrx_word' id='word_1_162' title='bbox 599 1607 737 1640; x_wconf 85' lang='lat' dir='ltr'><strong>motus</strong></span> <span class='ocrx_word' id='word_1_163' title='bbox 767 1599 930 1655; x_wconf 87' lang='lat' dir='ltr'><strong>apogaei</strong></span> <span class='ocrx_word' id='word_1_164' title='bbox 948 1606 1075 1654; x_wconf 90' lang='lat' dir='ltr'><strong>prout</strong></span> <span class='ocrx_word' id='word_1_165' title='bbox 1095 1612 1315 1655; x_wconf 81' lang='lat' dir='ltr'><strong>apogaeum</strong></span> <span class='ocrx_word' id='word_1_166' title='bbox 1334 1596 1608 1639; x_wconf 70' lang='lat' dir='ltr'><strong>diversimode</strong></span> <span class='ocrx_word' id='word_1_167' title='bbox 1638 1596 1762 1638; x_wconf 90' lang='lat' dir='ltr'><strong>situm</strong></span> <span class='ocrx_word' id='word_1_168' title='bbox 1791 1603 1853 1636; x_wconf 88' lang='lat' dir='ltr'><strong>est</strong></span> <span class='ocrx_word' id='word_1_169' title='bbox 1880 1590 1947 1635; x_wconf 84' lang='lat' dir='ltr'><strong>re-</strong></span> 
     </span>
     <span class='ocr_line' id='line_1_20' title="bbox 233 1664 1948 1725; baseline -0.003 -15"><span class='ocrx_word' id='word_1_170' title='bbox 233 1677 375 1724; x_wconf 89' lang='lat' dir='ltr'><strong>spectu</strong></span> <span class='ocrx_word' id='word_1_171' title='bbox 398 1668 505 1711; x_wconf 88' lang='lat' dir='ltr'><strong>Solis</strong></span> <span class='ocrx_word' id='word_1_172' title='bbox 524 1676 721 1719; x_wconf 86' lang='lat' dir='ltr'><strong>mutatur,</strong></span> <span class='ocrx_word' id='word_1_173' title='bbox 753 1669 851 1710; x_wconf 89' lang='lat' dir='ltr'><strong>hinc</strong></span> <span class='ocrx_word' id='word_1_174' title='bbox 869 1669 1047 1725; x_wconf 88' lang='lat' dir='ltr'><strong>aequatio</strong></span> <span class='ocrx_word' id='word_1_175' title='bbox 1066 1669 1229 1725; x_wconf 85' lang='lat' dir='ltr'><strong>apogaei</strong></span> <span class='ocrx_word' id='word_1_176' title='bbox 1249 1666 1432 1709; x_wconf 89' lang='lat' dir='ltr'><strong>nascitur</strong></span> <span class='ocrx_word' id='word_1_177' title='bbox 1461 1681 1590 1723; x_wconf 84' lang='lat' dir='ltr'><strong>eaque</strong></span> <span class='ocrx_word' id='word_1_178' title='bbox 1610 1665 1779 1722; x_wconf 78' lang='lat' dir='ltr'><strong>duplex,</strong></span> <span class='ocrx_word' id='word_1_179' title='bbox 1810 1664 1948 1719; x_wconf 75' lang='lat' dir='ltr'><strong>prima</strong></span> 
     </span>
     <span class='ocr_line' id='line_1_21' title="bbox 233 1731 1945 1794; baseline -0.003 -13"><span class='ocrx_word' id='word_1_180' title='bbox 233 1738 508 1794; x_wconf 92' lang='lat' dir='ltr'><strong>supponendo</strong></span> <span class='ocrx_word' id='word_1_181' title='bbox 530 1738 711 1780; x_wconf 91' lang='lat' dir='ltr'><strong>Telluris</strong></span> <span class='ocrx_word' id='word_1_182' title='bbox 733 1755 758 1780; x_wconf 90' lang='lat' dir='ltr'><strong>a</strong></span> <span class='ocrx_word' id='word_1_183' title='bbox 781 1740 878 1781; x_wconf 91' lang='lat' dir='ltr'><strong>Sole</strong></span> <span class='ocrx_word' id='word_1_184' title='bbox 898 1739 1136 1781; x_wconf 86' lang='lat' dir='ltr'><strong>distantiam</strong></span> <span class='ocrx_word' id='word_1_185' title='bbox 1157 1745 1426 1790; x_wconf 85' lang='lat' dir='ltr'><strong>constantem,</strong></span> <span class='ocrx_word' id='word_1_186' title='bbox 1451 1737 1581 1779; x_wconf 78' lang='lat' dir='ltr'><strong>alter‘a</strong></span> <span class='ocrx_word' id='word_1_187' title='bbox 1599 1735 1699 1779; x_wconf 71' lang='lat' dir='ltr'><strong>vero</strong></span> <span class='ocrx_word' id='word_1_188' title='bbox 1717 1731 1874 1792; x_wconf 75' lang='lat' dir='ltr'><strong>pendet</strong></span> <span class='ocrx_word' id='word_1_189' title='bbox 1892 1748 1945 1777; x_wconf 83' lang='lat' dir='ltr'><strong>ex</strong></span> 
     </span>
     <span class='ocr_line' id='line_1_22' title="bbox 232 1808 1091 1851; baseline 0 -1"><span class='ocrx_word' id='word_1_190' title='bbox 232 1809 459 1850; x_wconf 85' lang='lat' dir='ltr'><strong>mutatione</strong></span> <span class='ocrx_word' id='word_1_191' title='bbox 480 1808 711 1850; x_wconf 84' lang='lat' dir='ltr'><strong>distationae</strong></span> <span class='ocrx_word' id='word_1_192' title='bbox 733 1809 915 1850; x_wconf 89' lang='lat' dir='ltr'><strong>Telluris</strong></span> <span class='ocrx_word' id='word_1_193' title='bbox 936 1825 960 1850; x_wconf 89' lang='lat' dir='ltr'><strong>a</strong></span> <span class='ocrx_word' id='word_1_194' title='bbox 981 1808 1091 1851; x_wconf 86' lang='lat' dir='ltr'><strong>Sole.</strong></span> 
     </span>
    </p>

    <p class='ocr_par' dir='ltr' id='par_1_8' title="bbox 232 1875 2072 2506">
     <span class='ocr_line' id='line_1_23' title="bbox 291 1875 1946 1934; baseline -0.002 -14"><span class='ocrx_word' id='word_1_195' title='bbox 291 1879 408 1921; x_wconf 92' lang='lat' dir='ltr'><strong>Hinc</strong></span> <span class='ocrx_word' id='word_1_196' title='bbox 428 1880 596 1921; x_wconf 89' lang='lat' dir='ltr'><strong>tandem</strong></span> <span class='ocrx_word' id='word_1_197' title='bbox 616 1878 712 1921; x_wconf 73' lang='lat' dir='ltr'><strong>cum</strong></span> <span class='ocrx_word' id='word_1_198' title='bbox 741 1881 887 1922; x_wconf 87' lang='lat' dir='ltr'><strong>orbitoe</strong></span> <span class='ocrx_word' id='word_1_199' title='bbox 914 1881 1070 1922; x_wconf 87' lang='lat' dir='ltr'><strong>lunaris</strong></span> <span class='ocrx_word' id='word_1_200' title='bbox 1086 1880 1233 1931; x_wconf 86' lang='lat' dir='ltr'><strong>forma,</strong></span> <span class='ocrx_word' id='word_1_201' title='bbox 1255 1879 1541 1923; x_wconf 86' lang='lat' dir='ltr'><strong>excentricitas</strong></span> <span class='ocrx_word' id='word_1_202' title='bbox 1560 1885 1602 1920; x_wconf 92' lang='lat' dir='ltr'><strong>et</strong></span> <span class='ocrx_word' id='word_1_203' title='bbox 1620 1877 1782 1934; x_wconf 87' lang='lat' dir='ltr'><strong>apogaei</strong></span> <span class='ocrx_word' id='word_1_204' title='bbox 1792 1875 1946 1932; x_wconf 86' lang='lat' dir='ltr'><strong>positio</strong></span> 
     </span>
     <span class='ocr_line' id='line_1_24' title="bbox 232 1947 1946 2007; baseline -0.001 -15"><span class='ocrx_word' id='word_1_205' title='bbox 232 1958 429 2002; x_wconf 88' lang='lat' dir='ltr'><strong>mutetur,</strong></span> <span class='ocrx_word' id='word_1_206' title='bbox 461 1950 632 1992; x_wconf 77' lang='lat' dir='ltr'><strong>omnino</strong></span> <span class='ocrx_word' id='word_1_207' title='bbox 653 1959 866 1993; x_wconf 91' lang='lat' dir='ltr'><strong>mutantur</strong></span> <span class='ocrx_word' id='word_1_208' title='bbox 885 1952 1162 1995; x_wconf 87' lang='lat' dir='ltr'><strong>correctiones</strong></span> <span class='ocrx_word' id='word_1_209' title='bbox 1181 1951 1265 1995; x_wconf 83' lang='lat' dir='ltr'><strong>illae</strong></span> <span class='ocrx_word' id='word_1_210' title='bbox 1285 1966 1378 2007; x_wconf 83' lang='lat' dir='ltr'><strong>quae</strong></span> <span class='ocrx_word' id='word_1_211' title='bbox 1406 1947 1719 1993; x_wconf 87' lang='lat' dir='ltr'><strong>deducebantur</strong></span> <span class='ocrx_word' id='word_1_212' title='bbox 1737 1964 1790 1990; x_wconf 87' lang='lat' dir='ltr'><strong>ex</strong></span> <span class='ocrx_word' id='word_1_213' title='bbox 1810 1948 1946 1991; x_wconf 79' lang='lat' dir='ltr'><strong>Lunae</strong></span> 
     </span>
     <span class='ocr_line' id='line_1_25' title="bbox 233 2018 1945 2082; baseline -0.001 -17"><span class='ocrx_word' id='word_1_214' title='bbox 233 2024 541 2066; x_wconf 80' lang='lat' dir='ltr'><strong>excentricitate</strong></span> <span class='ocrx_word' id='word_1_215' title='bbox 559 2024 773 2075; x_wconf 85' lang='lat' dir='ltr'><strong>mediocri,</strong></span> <span class='ocrx_word' id='word_1_216' title='bbox 805 2039 900 2081; x_wconf 84' lang='lat' dir='ltr'><strong>quae</strong></span> <span class='ocrx_word' id='word_1_217' title='bbox 929 2025 1208 2082; x_wconf 83' lang='lat' dir='ltr'><strong>aequationem</strong></span> <span class='ocrx_word' id='word_1_218' title='bbox 1237 2025 1413 2067; x_wconf 76' lang='lat' dir='ltr'><strong>solutam</strong></span> <span class='ocrx_word' id='word_1_219' title='bbox 1442 2018 1769 2072; x_wconf 82' lang='lat' dir='ltr'><strong>constituebant3</strong></span> <span class='ocrx_word' id='word_1_220' title='bbox 1798 2022 1945 2068; x_wconf 87' lang='lat' dir='ltr'><strong>ultimo</strong></span> 
     </span>
     <span class='ocr_line' id='line_1_26' title="bbox 232 2093 2072 2153; baseline 0.001 -18"><span class='ocrx_word' id='word_1_221' title='bbox 232 2103 371 2136; x_wconf 91' lang='lat' dir='ltr'><strong>autem</strong></span> <span class='ocrx_word' id='word_1_222' title='bbox 393 2093 551 2137; x_wconf 87' lang='lat' dir='ltr'><strong>Scholii</strong></span> <span class='ocrx_word' id='word_1_223' title='bbox 568 2095 832 2152; x_wconf 84' lang='lat' dir='ltr'><strong>paragrapho</strong></span> <span class='ocrx_word' id='word_1_224' title='bbox 855 2096 1083 2139; x_wconf 89' lang='lat' dir='ltr'><strong>Newtonus</strong></span> <span class='ocrx_word' id='word_1_225' title='bbox 1110 2096 1235 2139; x_wconf 88' lang='lat' dir='ltr'><strong>docet</strong></span> <span class='ocrx_word' id='word_1_226' title='bbox 1254 2094 1333 2153; x_wconf 62' lang='lat' dir='ltr'><strong>qua</strong></span> <span class='ocrx_word' id='word_1_227' title='bbox 1355 2095 1514 2136; x_wconf 88' lang='lat' dir='ltr'><strong>ratione</strong></span> <span class='ocrx_word' id='word_1_228' title='bbox 1542 2109 1660 2136; x_wconf 88' lang='lat' dir='ltr'><strong>novae</strong></span> <span class='ocrx_word' id='word_1_229' title='bbox 1680 2094 1763 2153; x_wconf 88' lang='lat' dir='ltr'><strong>illae</strong></span> <span class='ocrx_word' id='word_1_230' title='bbox 1784 2107 1946 2137; x_wconf 83' lang='lat' dir='ltr'><strong>correc-</strong></span> <span class='ocrx_word' id='word_1_231' title='bbox 2067 2142 2072 2148; x_wconf 51' lang='grc'>,</span> 
     </span>
     <span class='ocr_line' id='line_1_27' title="bbox 232 2162 2072 2224; baseline -0.001 -16"><span class='ocrx_word' id='word_1_232' title='bbox 232 2166 365 2208; x_wconf 86' lang='lat' dir='ltr'><strong>tiones</strong></span> <span class='ocrx_word' id='word_1_233' title='bbox 395 2166 476 2208; x_wconf 91' lang='lat' dir='ltr'><strong>sint</strong></span> <span class='ocrx_word' id='word_1_234' title='bbox 505 2167 794 2208; x_wconf 85' lang='lat' dir='ltr'><strong>instituendae:</strong></span> <span class='ocrx_word' id='word_1_235' title='bbox 825 2168 965 2208; x_wconf 89' lang='lat' dir='ltr'><strong>omnia</strong></span> <span class='ocrx_word' id='word_1_236' title='bbox 985 2167 1084 2210; x_wconf 76' lang='lat' dir='ltr'><strong>vero</strong></span> <span class='ocrx_word' id='word_1_237' title='bbox 1114 2168 1157 2208; x_wconf 91' lang='lat' dir='ltr'><strong>in</strong></span> <span class='ocrx_word' id='word_1_238' title='bbox 1184 2167 1266 2209; x_wconf 90' lang='lat' dir='ltr'><strong>hoc</strong></span> <span class='ocrx_word' id='word_1_239' title='bbox 1290 2167 1457 2210; x_wconf 87' lang='lat' dir='ltr'><strong>Scholio</strong></span> <span class='ocrx_word' id='word_1_240' title='bbox 1488 2167 1576 2208; x_wconf 90' lang='lat' dir='ltr'><strong>sine</strong></span> <span class='ocrx_word' id='word_1_241' title='bbox 1595 2164 1944 2208; x_wconf 82' lang='lat' dir='ltr'><strong>demonstratione</strong></span> <span class='ocrx_word' id='word_1_242' title='bbox 2066 2162 2072 2224; x_wconf 64' lang='grc' dir='ltr'>ξ</span> 
     </span>
     <span class='ocr_line' id='line_1_28' title="bbox 233 2233 2072 2293; baseline -0.002 -14"><span class='ocrx_word' id='word_1_243' title='bbox 233 2238 372 2288; x_wconf 87' lang='lat' dir='ltr'><strong>tradit,</strong></span> <span class='ocrx_word' id='word_1_244' title='bbox 394 2253 471 2279; x_wconf 88' lang='lat' dir='ltr'><strong>nec</strong></span> <span class='ocrx_word' id='word_1_245' title='bbox 490 2237 673 2279; x_wconf 88' lang='lat' dir='ltr'><strong>indicato</strong></span> <span class='ocrx_word' id='word_1_246' title='bbox 691 2252 863 2279; x_wconf 89' lang='lat' dir='ltr'><strong>suorum</strong></span> <span class='ocrx_word' id='word_1_247' title='bbox 882 2238 1136 2283; x_wconf 88' lang='lat' dir='ltr'><strong>calculorum</strong></span> <span class='ocrx_word' id='word_1_248' title='bbox 1155 2238 1343 2288; x_wconf 88' lang='lat' dir='ltr'><strong>artificio,</strong></span> <span class='ocrx_word' id='word_1_249' title='bbox 1366 2237 1542 2293; x_wconf 75' lang='lat' dir='ltr'><strong>ideoque</strong></span> <span class='ocrx_word' id='word_1_250' title='bbox 1560 2236 1692 2278; x_wconf 89' lang='lat' dir='ltr'><strong>nostri</strong></span> <span class='ocrx_word' id='word_1_251' title='bbox 1710 2235 1944 2290; x_wconf 84' lang='lat' dir='ltr'><strong>putavimus</strong></span> <span class='ocrx_word' id='word_1_252' title='bbox 2069 2233 2072 2238; x_wconf 56' lang='lat'><strong>⁴</strong></span> 
     </span>
     <span class='ocr_line' id='line_1_29' title="bbox 234 2304 1941 2365; baseline 0 -16"><span class='ocrx_word' id='word_1_253' title='bbox 234 2307 371 2358; x_wconf 88' lang='lat' dir='ltr'><strong>officii,</strong></span> <span class='ocrx_word' id='word_1_254' title='bbox 396 2322 488 2349; x_wconf 89' lang='lat' dir='ltr'><strong>eam</strong></span> <span class='ocrx_word' id='word_1_255' title='bbox 502 2308 701 2365; x_wconf 86' lang='lat' dir='ltr'><strong>indagare</strong></span> <span class='ocrx_word' id='word_1_256' title='bbox 713 2307 823 2349; x_wconf 89' lang='lat' dir='ltr'><strong>viam</strong></span> <span class='ocrx_word' id='word_1_257' title='bbox 843 2308 911 2349; x_wconf 89' lang='lat' dir='ltr'><strong>cui</strong></span> <span class='ocrx_word' id='word_1_258' title='bbox 931 2308 1158 2350; x_wconf 87' lang='lat' dir='ltr'><strong>Newtonus</strong></span> <span class='ocrx_word' id='word_1_259' title='bbox 1178 2309 1223 2349; x_wconf 90' lang='lat' dir='ltr'><strong>in</strong></span> <span class='ocrx_word' id='word_1_260' title='bbox 1242 2308 1292 2349; x_wconf 94' lang='lat' dir='ltr'><strong>iis</strong></span> <span class='ocrx_word' id='word_1_261' title='bbox 1309 2306 1563 2363; x_wconf 87' lang='lat' dir='ltr'><strong>reperiendis</strong></span> <span class='ocrx_word' id='word_1_262' title='bbox 1578 2307 1765 2348; x_wconf 77' lang='lat' dir='ltr'><strong>insistere</strong></span> <span class='ocrx_word' id='word_1_263' title='bbox 1785 2304 1941 2356; x_wconf 81' lang='lat' dir='ltr'><strong>debuit,</strong></span> 
     </span>
     <span class='ocr_line' id='line_1_30' title="bbox 233 2376 1942 2436; baseline 0.001 -17"><span class='ocrx_word' id='word_1_264' title='bbox 233 2376 376 2419; x_wconf 86' lang='lat' dir='ltr'><strong>labore</strong></span> <span class='ocrx_word' id='word_1_265' title='bbox 395 2377 562 2434; x_wconf 89' lang='lat' dir='ltr'><strong>quidem</strong></span> <span class='ocrx_word' id='word_1_266' title='bbox 591 2392 678 2422; x_wconf 90' lang='lat' dir='ltr'><strong>non</strong></span> <span class='ocrx_word' id='word_1_267' title='bbox 706 2393 848 2434; x_wconf 86' lang='lat' dir='ltr'><strong>parvo,</strong></span> <span class='ocrx_word' id='word_1_268' title='bbox 880 2394 1070 2422; x_wconf 89' lang='lat' dir='ltr'><strong>successu</strong></span> <span class='ocrx_word' id='word_1_269' title='bbox 1090 2378 1390 2436; x_wconf 83' lang='lat' dir='ltr'><strong>qualicumque,</strong></span> <span class='ocrx_word' id='word_1_270' title='bbox 1422 2378 1575 2420; x_wconf 87' lang='lat' dir='ltr'><strong>utinam</strong></span> <span class='ocrx_word' id='word_1_271' title='bbox 1606 2376 1826 2420; x_wconf 85' lang='lat' dir='ltr'><strong>lectoribus</strong></span> <span class='ocrx_word' id='word_1_272' title='bbox 1854 2389 1942 2420; x_wconf 82' lang='lat' dir='ltr'><strong>non</strong></span> 
     </span>
     <span class='ocr_line' id='line_1_31' title="bbox 234 2457 410 2506; baseline 0.011 -16"><span class='ocrx_word' id='word_1_273' title='bbox 234 2457 410 2506; x_wconf 70' lang='lat' dir='ltr'><strong>nigrato.</strong></span> 
     </span>
    </p>
   </div>
   <div class='ocr_carea' id='block_1_3' title="bbox 1841 2695 1972 2763">
    <p class='ocr_par' dir='ltr' id='par_1_9' title="bbox 1841 2695 1972 2763">
     <span class='ocr_line' id='line_1_32' title="bbox 1841 2695 1972 2763; baseline 0 -37"><span class='ocrx_word' id='word_1_274' title='bbox 1841 2695 1972 2763; x_wconf 21' lang='grc' dir='ltr'><strong>θ’,</strong></span> 
     </span>
    </p>
   </div>
   <div class='ocr_carea' id='block_1_4' title="bbox 2052 2242 2072 3522">
    <p class='ocr_par' dir='ltr' id='par_1_10' title="bbox 2052 2242 2072 3522">
     <span class='ocr_line' id='line_1_33' title="bbox 2052 2242 2072 3522; baseline 0 0"><span class='ocrx_word' id='word_1_275' title='bbox 2052 2242 2072 3522; x_wconf 95' lang='lat' dir='ltr'><strong> </strong></span> 
     </span>
    </p>
   </div>
  </div>
 </body>
</html>
