2072 3522
224 254 248 289 2
591 244 1043 289 PHILOSOPHIAE
1077 244 1436 287 NATURALIS
1493 246 1588 298 [DE
1609 246 1770 290 Munn.
1794 247 1915 290 Srsr.

221 370 339 404 tenus
365 363 498 404 Terra
527 369 569 403 et
599 362 720 404 Luna
750 361 905 405 circum
934 373 1153 401 commune
1181 358 1392 414 gravitatis
1422 366 1610 402 centrum
1639 359 1918 411 revolvuntur,

219 432 527 487 perturbabitur
547 431 670 473 etiam
698 438 834 471 motus
855 429 1001 471 Terrae
1021 428 1130 470 circa
1150 434 1338 468 centrum
1358 427 1464 468 illud
1480 443 1505 469 a
1523 428 1676 469 viribus
1697 428 1919 470 consimili-

219 502 323 552 bus3
355 503 428 543 sed
448 516 627 543 smnmas
647 509 733 542 tam
752 500 900 541 virium
929 497 1054 555 quam
1082 505 1271 538 motuum
1290 497 1443 539 referre
1462 497 1559 539 licet
1587 497 1637 539 ad
1668 498 1844 550 Lunam,
1876 506 1919 541 et

220 587 400 615 summas
419 572 568 614 virium
587 586 663 627 per
681 571 808 612 lineas
828 569 927 625 ipsis
947 568 1141 625 analogas
1163 567 1205 609 T
1226 567 1278 610 M
1298 574 1340 610 et
1360 568 1411 610 M
1432 568 1472 610 L
1491 567 1719 625 designare.
1771 569 1820 624 (¹)
1844 570 1918 612 Vis

221 644 274 686 M
290 644 328 686 L
348 644 392 684 in
411 643 608 685 mediocri
628 643 701 685 sufi
723 642 949 698 quantitate
964 640 1094 690 estad
1108 640 1192 682 vim
1208 640 1493 695 centripetam,
1516 639 1595 696 qua
1613 641 1735 683 Luna
1753 642 1798 683 in
1816 643 1918 685 orbe
1967 636 1988 670 ‘-

220 730 296 756 suo
316 715 425 756 circa
445 716 620 757 Terram
651 715 930 771 quiescentem

219 787 273 829 ad
293 787 527 828 distantiam
550 787 586 828 P
602 786 644 828 T
662 785 818 846 revolvi
836 799 932 840 pos-

219 866 293 909 set,
310 858 354 899 in
369 856 576 913 duplicata
596 857 755 899 ratione
769 864 932 911 tempo-

217 944 312 972 rum
337 928 644 984 periodicorum
669 929 803 970 Lunae
824 928 934 969 circa

220 999 398 1041 Terram
417 1008 458 1041 et
478 1000 624 1041 Terrae
654 999 762 1041 circa
791 999 931 1041 Solem

219 1073 312 1126 (per
340 1071 480 1113 Corol.
507 1075 572 1115 17.
605 1071 731 1125 Prop.
764 1070 931 1112 LXVI.

219 1141 314 1183 Lib.
348 1142 404 1194 Ι.)
434 1141 515 1182 hoc
543 1148 619 1191 est,
650 1141 695 1182 in
723 1140 934 1196 duplicata
1420 1162 1443 1189 χ

218 1212 378 1253 ratione
397 1212 559 1253 dierum
578 1215 648 1257 27.
668 1211 760 1253 hor.
783 1216 821 1256 7.
843 1211 942 1253 min.
964 1217 1033 1253 43.
1054 1211 1109 1252 ad
1128 1211 1216 1252 dies
1238 1217 1335 1254 365.
1355 1210 1447 1253 hor.
1469 1217 1508 1253 6.
1528 1209 1628 1252 min.
1650 1216 1690 1252 9.
1714 1208 1760 1250 id
1778 1216 1853 1260 est,
1875 1216 1922 1252 ut

221 1291 332 1326 1000
361 1283 416 1325 ad
449 1287 628 1333 178725,
665 1297 738 1325 seu
773 1289 791 1324 1
826 1283 881 1324 acl
914 1285 1062 1338 17823.
1121 1284 1359 1326 Invenimus
1393 1290 1531 1325 autem
1560 1283 1604 1325 in
1637 1282 1922 1338 propositione

219 1355 365 1413 quarta
385 1355 510 1412 quod,
541 1355 577 1396 si
597 1354 731 1396 Terra
750 1361 792 1396 et
822 1354 945 1396 Luna
974 1354 1087 1396 circa
1105 1369 1324 1396 commune
1352 1355 1562 1412 gravitatis
1582 1361 1770 1396 centrum
1788 1352 1923 1394 revol-

220 1495 336 1528 similos
349 1501 422 1527 sunt
434 1495 550 1528 viribus
565 1495 594 1526 L
606 1496 645 1526 M
659 1501 690 1527 et
705 1495 735 1526 T
747 1495 787 1527 M
801 1495 913 1537 quibus
925 1496 1052 1527 Lunam
1094 1498 1163 1528 licet
1191 1499 1232 1527 ad
1260 1498 1400 1529 Lunam.
1450 1496 1575 1536 Quippe
1602 1496 1636 1526 in
1664 1495 1924 1536 observationibus

223 1539 328 1570 Solam
357 1538 527 1577 perturbari
555 1537 675 1568 dictum
701 1537 764 1568 fuit
788 1537 819 1568 in
843 1538 1053 1578 suppositione
1095 1544 1198 1569 motus
1214 1539 1316 1569 Lunae
1330 1545 1470 1578 respectu
1483 1539 1596 1576 Terrae,
1613 1538 1701 1579 quasi
1714 1539 1781 1570 haec
1794 1539 1925 1570 immota

223 1582 353 1613 Terram
367 1590 432 1611 ease
446 1580 627 1618 immotam;
650 1590 724 1610 nam
745 1581 786 1610 ob
807 1580 974 1610 maximam
989 1580 1052 1610 dis-
1094 1587 1182 1617 esset,
1205 1581 1424 1618 consideratur,
1446 1588 1522 1611 tunc
1536 1587 1639 1612 autem
1660 1589 1792 1611 summe
1812 1580 1926 1612 virium

221 1623 354 1654 tantiam
366 1622 475 1662 puncti
492 1623 523 1659 S,
539 1622 631 1652 lineae
648 1622 676 1652 P
691 1622 731 1660 L,
748 1622 803 1661 pl,
823 1622 852 1652 T
867 1623 917 1659 M,
934 1628 947 1652 t
962 1630 983 1653 λ
997 1633 1054 1662 pro
1096 1623 1352 1659 acceleratricum,
1377 1633 1415 1654 ex
1430 1623 1543 1663 quibus
1556 1623 1730 1656 velocitates
1750 1623 1926 1663 respective

221 1664 376 1705 parallelis
385 1670 458 1694 sunt
465 1664 624 1702 habendae‚
634 1662 766 1705 ideoque
776 1664 883 1705 figurae
892 1665 921 1695 T
929 1664 958 1695 P
966 1665 995 1695 L
1003 1665 1052 1702 M,
1097 1671 1272 1700 nascuntur,
1288 1666 1346 1704 ipsi
1360 1665 1454 1696 tribui
1468 1665 1588 1702 debent,
1611 1671 1640 1696 et
1661 1675 1797 1696 summas
1810 1666 1924 1698 vidum

225 1707 256 1738 T
269 1718 290 1746 p
304 1707 317 1737 l
330 1717 373 1744 m,
391 1707 420 1737 T
434 1712 448 1736 t
463 1714 484 1737 λ.
497 1721 522 1747 μ.
536 1716 592 1746 pro
605 1706 898 1747 parallelogrammis
911 1711 984 1737 sunt
997 1708 1053 1737 ha-
1089 1718 1148 1747 per
1161 1709 1255 1739 lineas
1275 1709 1305 1738 T
1317 1709 1360 1739 Μ
1370 1713 1399 1739 et
1415 1709 1456 1738 M
1467 1709 1498 1739 L
1514 1710 1584 1748 ipsis
1597 1708 1742 1748 analoga-s
1755 1709 1922 1748 deassgnm.

222 1748 342 1786 bendae,
368 1758 439 1790 quae
463 1749 617 1789 angulum
641 1749 792 1790 aequalem
815 1748 850 1778 in
875 1749 904 1779 T
926 1749 1052 1786 habent,
1098 1749 1189 1779 Vires
1197 1749 1280 1779 enim
1289 1749 1513 1781 acceleratrices
1524 1760 1545 1789 p
1558 1750 1588 1781 T-
1598 1756 1629 1780 et
1641 1749 1671 1780 T
1681 1755 1695 1779 t
1705 1749 1798 1780 simul
1806 1750 1926 1790 juncto

222 1797 370 1832 praterea
393 1790 488 1822 latera
514 1791 544 1822 P
564 1791 603 1830 T,
631 1791 738 1830 TM;
760 1791 836 1832 pT,
862 1791 960 1830 Tm3
985 1791 1053 1831 Tt,
1095 1792 1227 1833 aequales
1249 1798 1324 1823 sunt
1344 1792 1403 1823 soli
1423 1792 1453 1822 vi
1476 1792 1551 1823 PT
1572 1797 1603 1822 et
1623 1791 1756 1822 similem
1778 1791 1925 1823 effecum

1390 1834 1496 1871 edunt,
1507 1834 1673 1866 admovent
1681 1833 1789 1874 utique
1797 1843 1926 1874 corpora

1390 1887 1411 1916 p
1433 1883 1465 1907 et
1485 1882 1508 1914 t,
1531 1875 1703 1907 secundum
1724 1875 1926 1907 directionem

1389 1919 1494 1959 th,
1517 1918 1543 1950 si
1565 1918 1924 1959 ergovisacoelentrix

1393 1961 1423 1992 P
1434 1962 1463 1992 T
1477 1968 1607 1991 summae
1621 1960 1783 2001 utriusque
1797 1959 1926 2002 aqualia

1391 2003 1554 2034 admoveat
1567 2012 1680 2042 corpus
1696 2002 1725 2034 P
1737 2012 1844 2034 versus
1864 2003 1925 2034 im-

1389 2051 1511 2076 motum
1528 2046 1566 2083 T,
1589 2044 1679 2085 plane
1700 2044 1783 2076 idem
1804 2045 1864 2076 erit
1877 2045 1924 2077 ef-

1389 2088 1488 2118 fectus
1509 2098 1547 2118 ex
1561 2096 1688 2126 corpote
1701 2093 1716 2118 t
1728 2087 1777 2118 vel
1793 2087 1824 2119 T
1836 2096 1923 2127 spec-

1390 2135 1493 2161 tatus:
1519 2130 1596 2160 vires
1618 2129 1659 2160 M
1675 2129 1714 2167 T,
1739 2130 1807 2169 Τμ
1827 2129 1924 2161 divel-

1390 2171 1462 2202 lunt
1472 2181 1599 2211 corpora
1613 2182 1632 2202 a
1645 2181 1678 2202 se
1691 2170 1804 2204 mutuo
1814 2181 1924 2203 aecum

1391 2213 1469 2244 dum
1497 2214 1697 2244 directionem
1723 2214 1746 2244 S
1772 2214 1811 2250 T,
1837 2213 1923 2244 ide-

1393 2435 1402 2456 :
1421 2435 1430 2455 ε
1448 2434 1482 2454 m
1494 2424 1524 2456 T
1539 2436 1547 2455 z
1565 2434 1599 2454 m
1610 2423 1641 2456 T
1708 2424 1739 2456 T
1786 2429 1819 2456 et

228 2466 259 2498 T
271 2479 306 2506 μ,
321 2464 462 2497 eamdem
475 2465 589 2496 habent
601 2464 682 2495 inter
695 2474 727 2494 se
740 2463 909 2501 rationum
925 2463 1053 2494 demon·
1095 2464 1199 2495 nando
1211 2475 1233 2504 p
1249 2465 1279 2496 T
1294 2477 1301 2496 ε
1319 2465 1399 2507 αχΤ
1421 2478 1430 2498 ι
1450 2478 1459 2498 =
1478 2466 1522 2508 (P
1539 2465 1569 2498 T
1584 2478 1592 2498 z
1612 2423 1712 2508 Mss)
1735 2437 1773 2499 ετ
1797 2476 1819 2507 p
1834 2466 1865 2498 T
1877 2466 1923 2509 σιξ-

225 2505 1053 2548 strameniminnotamLib.1.(quaeadmajo-
1098 2506 1444 2549 TttmT-ff-Tp.
1492 2507 1708 2549 Sedestp'l'
1797 2508 1922 2543 Tt==

226 2561 292 2582 rem
303 2550 478 2581 facilitatem
487 2549 634 2589 repetitur
644 2548 678 2579 in
687 2546 762 2579 notai
773 2548 819 2591 (⁸)
834 2548 1052 2588 subsequente)
1098 2549 1126 2579 P
1142 2549 1171 2579 T
1185 2559 1259 2590 ergo
1273 2549 1366 2580 etiam
1379 2559 1412 2580 m
1429 2550 1459 2581 T
1473 2551 1518 2593 -Ι-
1536 2550 1566 2581 Τ
1578 2564 1603 2590 μ
1615 2563 1662 2581 =
1678 2551 1718 2582 M
1763 2572 1773 2582 .

226 2603 291 2623 esse
309 2591 547 2629 PTadTM,
569 2601 589 2630 p
607 2590 792 2628 TadTm,
810 2589 919 2622 'rtad
936 2590 1053 2630 Tput
1137 2590 1179 2632 (¹)
1197 2593 1213 2611 ”
1239 2592 1920 2635 rstLinmediooru-adquantitate,&c.

225 2635 330 2665 radius
353 2634 393 2664 ad
417 2633 544 2672 triplum
567 2633 690 2664 cosinus
713 2632 822 2673 anguli
850 2633 881 2663 A
899 2632 929 2663 T
945 2632 972 2663 P
997 2631 1051 2672 qui
1097 2632 1149 2664 Ob
1169 2643 1315 2674 magnam
1332 2633 1411 2664 Solis
1425 2634 1601 2666 distantiam
1620 2635 1722 2676 figura
1745 2635 1774 2670 P
1790 2632 1821 2672 T
1835 2635 1876 2669 Μ
1890 2635 1922 2668 L

226 2677 349 2708 cosinus
372 2675 444 2706 cum
466 2675 550 2706 idem
574 2675 613 2706 sit
636 2675 671 2706 in
694 2674 792 2706 tribua
815 2674 897 2705 hisce
922 2674 1050 2712 casibus,
1094 2680 1140 2705 est
1153 2675 1474 2717 parallelogrammum
1485 2675 1616 2718 ide6que
1630 2677 1669 2709 M
1680 2677 1713 2711 L
1725 2684 1771 2710 est
1784 2676 1924 2718 proxime

226 2719 322 2750 latera
334 2717 688 2759 parallelogrammorum
703 2716 943 2758 cire-aequalem
953 2727 1052 2758 angu-
1094 2717 1220 2758 aequalis
1234 2717 1322 2749 lineae
1345 2718 1375 2749 P
1390 2717 1429 2757 T,
1452 2729 1526 2760 ergo
1547 2719 1593 2751 vis
1615 2719 1654 2751 M
1670 2719 1699 2751 L
1721 2719 1779 2751 erit
1799 2719 1839 2750 ad
1860 2719 1924 2751 vim

227 2762 294 2791 lum
311 2760 409 2799 posita
429 2766 521 2791 erunt
541 2758 786 2799 proportionalia,
809 2769 846 2790 ea
866 2757 948 2795 vero,
958 2759 1053 2790 latera
1094 2759 1156 2832 (ἑοὶ
1171 2759 1224 2791 801
1238 2760 1302 2801 agit
1315 2760 1348 2790 in
1362 2767 1515 2800 punctum
1531 2761 1570 2799 T,
1585 2767 1622 2793 ut
1638 2761 1667 2792 P
1678 2762 1708 2794 T
1720 2761 1762 2794 ad
1777 2762 1800 2794 S
1813 2761 1848 2793 K
1861 2762 1924 2793 nive

228 2803 390 2843 designant
409 2809 474 2832 tam
495 2802 574 2832 vires
587 2802 700 2842 quibus
715 2801 809 2832 Luna
829 2801 909 2832 circa
926 2801 1053 2832 Terram
1139 2801 1177 2838 T,
1193 2802 1248 2833 sed
1262 2802 1340 2833 vires
1351 2802 1498 2834 ceutrales
1508 2803 1748 2846 qualescumque
1757 2810 1832 2836 suut
1843 2804 1925 2838 inu*

227 2845 387 2875 immotam
401 2843 584 2876 revolvendo
594 2844 797 2883 perturbatur,
812 2843 906 2884 quam
921 2853 972 2874 eas
985 2843 1054 2884 qui·
1096 2854 1130 2874 se
1144 2843 1258 2875 directe
1270 2850 1307 2875 ut
1319 2844 1397 2875 radii
1410 2844 1595 2876 circulorum
1609 2846 1665 2887 qui
1677 2856 1733 2886 per
1745 2856 1797 2877 eas
1809 2845 1925 2879 deacri-

226 2888 286 2918 bus
300 2888 548 2925 perturbarentur
558 2887 653 2917 Luna
665 2891 697 2917 et
711 2886 807 2917 Terra
820 2886 900 2916 circa
914 2892 1055 2916 centrum
1096 2887 1213 2917 buntur
1226 2892 1257 2917 et
1270 2885 1388 2918 inverse
1401 2892 1438 2918 ut
1451 2887 1598 2928 quadrata
1607 2895 1781 2929 temporum
1791 2887 1923 2929 periodi-

228 2938 394 2959 oommune
414 2928 606 2966 revolvendo,
627 2928 691 2960 iuae
710 2930 794 2960 Vires
813 2939 882 2968 ergo
896 2934 969 2960 sunt
983 2939 1055 2960 ccm-
1095 2938 1213 2965 corum,
1237 2938 1312 2969 ergo
1325 2939 1363 2959 ea
1375 2928 1421 2959 vis
1434 2927 1498 2970 qua
1521 2929 1574 2961 Sol
1588 2930 1653 2972 agit
1666 2931 1700 2962 in
1713 2937 1866 2971 punam
1881 2930 1922 2967 T,

227 2972 349 3002 similes.
1095 2975 1142 3001 est
1154 2970 1195 3001 ad
1209 2970 1270 3001 vim
1281 2969 1345 3012 qua
1355 2971 1449 3002 Luna
1457 2971 1491 3002 in
1501 2973 1575 3005 orbe
1584 2982 1642 3004 auo
1651 2972 1800 3005 retinetur
1811 2972 1926 3015 (ffb

270 3015 327 3045 Sed
340 3023 475 3044 summac
489 3018 554 3044 cam
570 3014 680 3045 virium
689 3011 786 3055 qudm
793 3018 935 3045 motuum
943 3013 1054 3055 referre
1097 3011 1183 3045 illam
1197 3012 1310 3045 revolvi
1324 3013 1405 3046 circa
1420 3013 1549 3046 Terram
1563 3014 1785 3057 quiescentem)
1808 3021 1843 3049 ut
1859 3014 1883 3047 S
1893 3013 1923 3048 Τ
