2072 3522
204 256 282 294 108
598 245 1048 291 PHILOSOPHIAE
1079 210 1439 288 NATURALIS
1497 245 1592 297 [DE
1607 242 1770 285 Mum).
1789 243 1908 287 Srsr.

200 366 368 423 regione
391 364 475 406 Soli
497 362 698 420 opposite.
761 365 810 418 (Ζ)
851 363 1021 404 Summa
1039 361 1189 401 virium
1218 367 1280 401 est
1299 359 1352 400 ad
1372 359 1456 400 vim
1485 359 1694 416 gravitatis
1724 366 1772 400 ut
1803 364 1822 399 1
1856 357 1910 399 ad

204 440 440 478 12868200.
501 434 558 476 Et
578 434 774 490 quoniam
793 433 854 473 vis
875 431 1019 473 eadem
1042 430 1220 471 eundem
1240 430 1320 470 ciet
1338 437 1511 479 motum,
1533 429 1616 471 sive
1637 444 1685 470 ea
1705 427 1909 483 deprimat

200 522 348 564 aquam
370 507 413 547 in
435 506 672 563 regionibus
694 519 787 560 quae
819 509 873 545 90
902 502 1099 559 gradibus
1120 501 1273 542 distant
1293 515 1318 541 a
1341 500 1449 549 Sole,
1482 499 1565 541 sive
1585 499 1714 541 elevet
1735 499 1908 547 eandem

198 580 241 621 in
262 579 500 636 regionibus
521 578 598 619 sub
621 576 717 619 Sole
738 583 779 616 et
802 575 890 618 Soli
911 573 1122 629 oppositis,
1153 573 1244 614 haec
1264 587 1422 614 summa
1443 572 1520 614 erit
1539 579 1624 613 tota
1647 572 1753 614 Solis
1773 572 1834 613 vis
1854 569 1908 614 ad

198 665 311 692 mare
331 649 591 707 agitandum3
614 656 654 689 et
675 646 851 688 eundem
870 645 1039 686 habebit
1060 643 1262 694 effectum,
1285 658 1332 684 ac
1353 643 1387 683 si
1406 650 1493 684 tota
1511 644 1554 682 in
1575 642 1809 699 regionibus
1830 643 1906 684 sub

201 720 297 763 Sole
318 728 359 761 et
382 719 469 761 Soli
489 717 689 774 oppositis
704 731 819 758 mare
839 715 1063 764 elevaret,
1052 729 1095 755 m
1115 712 1351 779 regionibus
1372 721 1509 754 autem
1522 726 1615 768 quae
1636 718 1690 754 90
1710 713 1911 770 gradibus

198 792 352 833 distant
371 806 396 832 a
418 790 527 840 Sole,
549 789 608 830 nil
628 795 781 845 ageret.
1088 795 1091 798 “
1439 791 1444 795 “

257 863 366 906 Haec
387 871 448 904 est
467 862 527 903 vis
550 861 656 903 Solis
677 861 731 902 ad
750 875 863 902 mare
884 860 1107 901 ciendum
1095 875 1138 900 1n
1158 860 1250 900 loco
1271 859 1414 915 quovis
1434 858 1545 908 dato,
1573 858 1645 899 ubi
1668 856 1739 899 Sol
1759 864 1843 898 tam
1861 855 1905 896 in

195 935 348 975 vertice
367 933 449 974 loci
469 938 655 973 versatur
675 929 799 986 quzim
817 931 861 971 in
880 930 1078 972 mediocri
1099 929 1171 971 suae'i
1200 928 1390 971 distanti&
1411 944 1436 970 a
1457 928 1602 970 Terrfi.
1664 928 1713 984 (Β)
1746 927 1797 968 Ιῐι
1817 926 1907 968 aliis

200 1005 306 1047 Solis
327 1003 599 1059 positionibus
620 1002 680 1043 vis
701 1001 755 1043 ad
774 1016 888 1042 mare
919 1000 1189 1042 attollendum
1209 1008 1271 1041 est
1290 1007 1336 1040 ut
1356 999 1467 1040 sinus
1487 1013 1628 1040 versus
1647 998 1786 1053 duplae
1815 997 1907 1038 alti-

195 1076 349 1118 tudinis
369 1074 475 1117 Solis
497 1087 621 1129 supra
636 1072 893 1114 horizontem
905 1071 986 1113 loci
1002 1069 1154 1112 directe
1174 1077 1215 1111 et
1234 1069 1363 1111 cubus
1379 1068 1584 1110 distentiae
1599 1068 1706 1110 Solis
1726 1083 1751 1109 a
1772 1065 1904 1109 Terrfi
1959 1078 1963 1081 “

198 1146 372 1189 inverse.

256 1218 385 1259 Corol.
411 1213 519 1258 Cum
530 1216 591 1257 vis
605 1215 833 1272 centrifuga
846 1215 1025 1270 partium
1042 1212 1188 1255 Terrae
1207 1228 1232 1254 a
1252 1213 1405 1254 diurno
1421 1211 1567 1254 Terrae
1581 1218 1697 1252 motu
1713 1208 1903 1255 oriunda,

198 1303 292 1345 quae
313 1296 375 1330 est
394 1288 447 1329 ad
466 1288 549 1329 vim
569 1287 780 1345 gravitatis
801 1294 848 1328 ut
870 1292 889 1326 1
916 1285 969 1327 ad
989 1291 1087 1336 289,
1110 1285 1258 1327 efficiat
1276 1292 1323 1327 ut
1343 1284 1516 1326 altitudo
1536 1299 1655 1340 aquae
1675 1284 1752 1325 sub
1766 1298 1905 1341 aequa-

198 1367 288 1400 tore
330 1365 497 1414 superet
532 1359 620 1414 ejus
656 1356 914 1398 altitudinem
950 1355 1027 1396 sub
1058 1355 1164 1410 polis
1197 1354 1390 1397 mensur&
1421 1353 1575 1409 pedum
1611 1354 1904 1396 Parisiensium

201 1435 357 1480 85472,
379 1438 427 1471 ut
445 1445 569 1484 supra
588 1430 630 1470 in
653 1430 779 1484 Prop.
797 1428 945 1477 XIX.;
967 1428 1027 1469 vis
1050 1428 1192 1469 solaris
1213 1427 1265 1469 de
1280 1427 1360 1484 qu&
1376 1428 1547 1484 egimus,
1572 1425 1668 1468 cum
1688 1427 1740 1468 sit
1754 1427 1808 1468 ad
1821 1427 1906 1468 vim

198 1502 409 1559 gravitatis
429 1509 476 1543 ut
498 1508 516 1542 1
543 1501 597 1542 ad
620 1506 857 1550 12868200,
880 1508 1003 1555 atque
1023 1497 1117 1540 ideo
1137 1497 1190 1539 ad
1211 1498 1293 1540 vim
1313 1498 1434 1539 illam·
1456 1497 1727 1554 centrifugam
1753 1501 1902 1541 ut289

201 1574 254 1615 ad
280 1578 502 1615 12868200
525 1587 596 1614 seu
621 1578 639 1613 1
665 1572 719 1613 ad
740 1575 894 1620 44527,
927 1567 978 1625 (⁵)
1001 1569 1148 1611 efficiet
1177 1577 1224 1610 ut
1252 1568 1426 1610 altitudo
1446 1582 1564 1624 aquae
1594 1569 1638 1608 in
1665 1567 1904 1624 regionibus
1942 1585 1946 1589 ·

200 1644 277 1686 sub
302 1645 398 1687 Sole
419 1653 460 1686 et
482 1644 569 1687 Soli
590 1644 788 1700 oppositis
809 1649 975 1697 superet
995 1641 1251 1683 altitudinem
1272 1642 1359 1697 ejus
1380 1642 1423 1682 in
1443 1641 1557 1691 locis,
1579 1654 1672 1696 quae
1689 1647 1746 1682 90
1766 1639 1901 1696 gradi-

194 1708 272 1749 bus
294 1709 446 1749 distant
475 1725 499 1750 a
531 1709 639 1758 Sole,
671 1709 862 1750 mensur&
884 1708 1043 1750 tantum
1063 1709 1180 1763 pedis
1201 1710 1321 1750 unius
1345 1709 1586 1751 Parisiensis
1615 1716 1657 1750 et
1680 1709 1903 1766 digitorum

194 1779 387 1821 undecim
410 1793 504 1820 cum
519 1778 725 1820 tricesim&
737 1786 855 1834 parte
875 1779 1006 1835 digiti.
1054 1780 1130 1821 Est
1151 1781 1259 1821 enim
1279 1780 1368 1822 haec
1383 1792 1575 1823 mensura
1594 1781 1648 1822 ad
1667 1796 1902 1823 mensuram

194 1850 348 1906 pedum
370 1854 509 1894 85472
531 1858 577 1891 ut
600 1855 618 1890 l
645 1850 699 1891 ad
720 1854 874 1894 44527.

239 1962 286 2004 (²)
304 1965 322 1983 *
334 1966 462 1994 Summa
474 1965 586 1994 virium
602 1969 647 1993 est
661 1963 700 1993 ad
714 1963 777 1993 vim
788 1963 943 2003 gravitatis
957 1970 993 1994 ut
1008 1968 1027 1995 3

194 2004 234 2035 ad
248 2009 418 2036 53604600
432 2005 494 2035 sive
508 2012 544 2035 ut
560 2010 573 2036 1
594 2005 633 2035 ad
651 2009 826 2037 12868200.

239 2091 284 2133 (²)
309 2094 326 2111 '¹'
342 2094 384 2123 In
399 2093 465 2123 aliis
480 2094 551 2123 Solis
563 2093 766 2131 positionibus.
816 2090 890 2122 Hac
905 2092 933 2121 vi
948 2102 1026 2132 aqua

194 2133 519 2172 maxime·deprimitur
530 2134 584 2164 ubi
602 2134 654 2164 Sol
665 2141 802 2165 versatur
813 2134 845 2163 in
858 2135 1023 2171 horizonte,

194 2182 225 2206 et
239 2175 374 2206 maxime
388 2176 523 2206 elevatur
536 2176 590 2205 ubi
611 2176 663 2206 Sol
678 2177 710 2205 in
726 2177 836 2206 vertice
851 2177 910 2206 loci
925 2187 1024 2206 versa-

194 2223 253 2248 tur.
290 2218 456 2256 Depressio
464 2223 568 2248 autem
583 2223 614 2248 et
629 2218 757 2248 elevatio
767 2228 915 2258 aquarum
926 2219 1025 2258 magis

194 2270 230 2290 ac
252 2260 350 2300 magis
364 2260 509 2290 decrescit
522 2270 584 2300 quo
605 2260 696 2290 altius
717 2261 769 2290 Sol
784 2261 919 2291 ascendit
933 2259 1025 2300 supra

196 2303 396 2338 horizontem,
419 2309 474 2332 aut
495 2313 513 2332 a
534 2302 644 2333 vertice
659 2302 822 2332 descendit.
874 2303 1026 2333 Praetered

195 2345 261 2374 haec
276 2344 429 2383 depressio
445 2350 498 2374 aut
511 2344 640 2375 elevatio
654 2345 733 2375 circa
746 2345 869 2375 initium
885 2352 915 2375 et
930 2345 1024 2376 finem

194 2385 320 2422 lentius,
331 2385 411 2416 circei
424 2387 561 2417 medium
573 2386 643 2417 ver&
652 2386 781 2416 celerius
791 2386 956 2423 minuitur;
973 2387 1025 2417 sed

195 2429 263 2458 haec
284 2430 464 2468 contingent
485 2430 652 2460 successiva
668 2438 816 2469 aquarum
838 2430 1026 2460 incrementa

194 2476 226 2500 et
239 2470 432 2501 decrementa
447 2471 471 2500 si
487 2472 531 2500 vis
545 2472 678 2502 maxima
696 2472 774 2502 Solis
787 2471 820 2500 in
835 2471 947 2501 vertice
963 2471 1022 2501 loci

194 2512 382 2551 exprimatur
402 2523 456 2552 per
477 2513 661 2543 diametrum
682 2513 797 2547 circuli,
820 2513 878 2542 hoc
893 2518 946 2548 est,
970 2524 1023 2552 per

194 2555 296 2585 sinum
312 2565 432 2585 versum
454 2555 540 2586 1800.
560 2555 614 2586 seu
629 2556 734 2595 duplae
747 2554 916 2586 altitudinis
933 2556 1020 2593 Solis,

194 2596 285 2636 supr&
299 2598 506 2635 horizontem;
524 2598 556 2627 in
571 2598 638 2628 aliis
652 2605 755 2629 autem
773 2597 851 2627 Solis
865 2597 1021 2636 positioni-

193 2641 251 2669 bus
265 2639 310 2669 vis
324 2642 430 2669 endem
445 2641 623 2670 exhibeatur
637 2650 691 2680 per
705 2640 789 2670 sinus
803 2650 903 2670 versos
918 2640 1020 2670 altitu-

193 2681 301 2711 dinum
318 2681 540 2721 duplicaturum
554 2695 563 2720 ς
587 2693 680 2723 quare
694 2682 727 2712 in
742 2683 831 2712 variis
848 2682 926 2712 Solis
940 2683 1020 2721 posi.

193 2724 337 2761 tionibus,
354 2724 397 2753 vis
412 2724 449 2754 ad
465 2734 548 2755 mare
563 2723 763 2754 attollendum
779 2725 858 2754 sumi
874 2731 972 2764 potest
987 2731 1021 2756 ut

193 2765 279 2796 sinus
300 2776 403 2796 versus
417 2766 520 2805 duplae
542 2766 711 2797 altitudinis
728 2766 806 2796 Solis
826 2766 919 2806 supra
934 2767 1017 2798 hori-

192 2814 323 2844 zontem,
353 2808 471 2839 seclusa
501 2816 602 2839 tamen
631 2809 857 2848 perturbatione
885 2819 955 2850 quae
980 2819 1017 2839 ex

192 2850 275 2879 varia
299 2850 378 2880 Solis
399 2861 417 2881 a
440 2851 565 2883 Tellure
588 2849 731 2881 distantia
752 2851 857 2881 oritur.
908 2853 952 2882 At
973 2853 1018 2882 vis

196 2891 274 2920 Solis
302 2899 433 2932 nugetur
461 2893 507 2923 vel
540 2893 691 2923 minuitur
725 2891 788 2944 quo
823 2892 949 2933 propius
977 2894 1015 2924 ad

194 2932 321 2963 Terram
336 2935 453 2965 accedit
467 2942 522 2965 aut
535 2934 660 2976 longius
674 2936 712 2966 ab
727 2945 764 2965 ea
778 2935 901 2972 recedit,
924 2936 1017 2976 idque

192 2973 226 3005 in
247 2975 362 3006 ratione
384 2977 533 3016 triplicata
548 2977 758 3009 distantiarum
778 2958 901 3035 'inversssi
923 2979 1012 3020 (Cor.

1074 1968 1122 1995 14.
1150 1965 1242 2004 Prop.
1269 1964 1400 1996 LXVI.
1426 1965 1496 1996 Lib.
1517 1965 1564 2005 Ι.)
1587 1965 1775 1996 considerari
1795 1965 1901 2007 imque

1069 2008 1180 2046 poterit
1200 2008 1245 2038 vis
1268 2008 1347 2038 Solis
1367 2007 1406 2038 ad
1427 2018 1511 2038 mare
1532 2008 1735 2039 attollendum
1756 2015 1793 2039 ut
1813 2019 1901 2040 nnus

1070 2059 1174 2080 versus
1188 2049 1292 2089 duplae
1312 2050 1482 2081 altitudinis
1500 2051 1578 2081 Solis
1599 2050 1691 2090 suprtl
1710 2051 1900 2082 horizontem

1069 2091 1129 2122 loci
1154 2091 1267 2122 directe
1291 2098 1322 2123 et
1347 2094 1445 2122 cubus
1473 2092 1623 2123 distantiae
1655 2093 1734 2124 Solis
1758 2104 1777 2124 a
1803 2093 1900 2125 Terra

1068 2133 1197 2164 inverse.
1234 2134 1391 2165 Caeterum
1402 2141 1465 2165 tota
1479 2136 1545 2165 haec
1559 2135 1732 2175 Propositio
1744 2136 1899 2176 eleganter

1068 2175 1236 2206 admodum
1251 2177 1370 2207 calculo
1391 2183 1515 2208 tractata
1530 2178 1643 2218 legitur
1663 2177 1695 2207 in
1711 2177 1807 2208 tribus
1823 2177 1898 2209 Dis.

1067 2219 1278 2249 sertationibus
1292 2230 1362 2259 quae
1378 2219 1449 2250 vol.
1470 2219 1539 2250 111.
1558 2221 1684 2260 adjectae
1697 2226 1780 2251 sunt.

1111 2261 1195 2302 (ὓ).
1213 2263 1334 2303 Efficiet
1345 2268 1378 2292 ut
1393 2263 1519 2292 altitudo
1532 2273 1628 2303 aquae.
1679 2262 1836 2297 Quoniam
1857 2273 1895 2294 ex

1068 2304 1158 2333 variis
1171 2303 1379 2342 pendulorum
1401 2304 1660 2334 observationibus
1674 2310 1705 2334 et
1719 2304 1896 2344 nuperrime

1068 2346 1215 2376 institutis
1229 2345 1343 2385 gradus
1363 2345 1522 2376 meridiani
1537 2346 1688 2376 mensuris
1709 2348 1767 2378 sub
1780 2347 1896 2379 circulo

1068 2387 1287 2426 polari,Te1-ra
1310 2387 1399 2418 altior
1423 2394 1469 2418 est
1489 2389 1547 2418 sub
1572 2395 1725 2428 aequatore
1739 2387 1833 2429 quim
1855 2399 1894 2420 ex

1066 2429 1183 2460 theoria
1207 2428 1410 2460 Newtoniana
1430 2430 1542 2479 prodiit
1562 2430 1673 2472 (Prop.
1696 2430 1798 2461 XIX·
1817 2431 1889 2463 Lib.

1067 2472 1174 2511 hujus)
1191 2471 1285 2511 paul&
1299 2472 1440 2512 augenda
1461 2473 1518 2503 erit
1537 2473 1666 2503 altitudo
1681 2483 1769 2513 aquae
1783 2473 1816 2503 in
1831 2474 1891 2505 hoc

1068 2513 1238 2544 Corollario
1266 2514 1400 2544 definita.
1452 2515 1686 2546 Observandum
1713 2520 1830 2545 autem
1845 2522 1892 2547 est

1067 2556 1274 2587 Corollarium
1304 2556 1381 2587 illud
1409 2556 1543 2597 rigorose
1577 2567 1682 2587 verum
1712 2566 1775 2588 non
1802 2568 1891 2589 esse·
1882 2582 1893 2598 ,

1066 2599 1200 2629 Newton
1203 2609 1239 2628 us
1253 2598 1335 2629 enim
1357 2609 1393 2629 ex
1416 2597 1587 2629 differentia
1601 2599 1742 2629 dimetri
1756 2607 1890 2640 aequato-

1063 2642 1105 2671 ris
1130 2647 1161 2672 et
1181 2641 1247 2671 axis
1272 2642 1376 2671 'lerrae
1399 2651 1453 2681 per
1473 2641 1641 2680 simplicem
1664 2641 1890 2681 proportionem

1063 2683 1181 2724 colligit
1195 2683 1388 2714 altitudinem
1403 2693 1491 2724 aquae
1505 2693 1542 2713 ex
1559 2683 1586 2712 vi
1604 2683 1683 2714 Solis
1704 2683 1886 2715 oriundam·
1876 2698 1887 2723 ;

1063 2732 1191 2766 uterque
1213 2732 1315 2756 tamen
1329 2735 1416 2756 casus
1432 2731 1478 2756 est
1498 2724 1591 2765 longe
1605 2726 1749 2763 diversus
1772 2726 1889 2766 primus

1060 2767 1210 2808 siquidem
1234 2767 1347 2808 pendet
1360 2778 1379 2798 a
1392 2766 1576 2808 quadratura}
1591 2768 1706 2804 circuli,
1726 2768 1803 2798 alter
1815 2767 1888 2800 verd

1059 2810 1190 2841 refertur
1203 2810 1241 2840 ad
1255 2809 1470 2850 quadraturam
1486 2810 1660 2849 hyperbolae
1681 2813 1732 2852 (ut
1745 2816 1828 2850 patet
1847 2820 1886 2842 ex

1064 2853 1132 2883 Cor.
1160 2857 1189 2883 2.
1214 2853 1305 2890 Prop-
1332 2852 1402 2883 XC.
1425 2851 1494 2882 Lib.
1522 2853 1551 2882 Ι.
1575 2860 1606 2883 et
1626 2859 1692 2883 not·
1718 2856 1787 2884 106.
1811 2852 1882 2884 Lib.

1058 2894 1177 2935 hujus).
1225 2894 1282 2924 Sed
1307 2904 1399 2933 quam
1423 2893 1530 2932 parum
1553 2905 1573 2925 a
1593 2895 1717 2926 veritate
1737 2894 1885 2934 discrepet

1058 2946 1191 2985 praesens
1209 2936 1420 2971 Cornum-ium,
1445 2942 1569 2976 apparet
1589 2947 1626 2967 ex
1642 2942 1786 2976 computo
1807 2937 1884 2968 inito

1058 2981 1091 3008 in
1109 2979 1330 3009 Dissertatione
1344 2978 1455 3017 clariss.
1477 2979 1660 3016 Maclaurim
1679 2979 1770 3018 Prop.
1791 2978 1831 3009 V.
