2072 3522
341 554 1052 643 PHILOSOPHIAE
1110 549 1683 616 NATURALIS

464 739 889 792 PRINCIPIA
932 736 1566 789 MATHEMATICA.

661 958 801 990 LIBRI
824 956 995 988 TERTII
1019 954 1372 988 CONTINUATIO.

476 1164 856 1208 PROPOSITIO
886 1164 1036 1208 XXV.
1099 1166 1445 1211 PROBLEMA
1474 1169 1552 1210 VI.

426 1279 615 1322 Invenire
642 1281 746 1323 vires
773 1281 878 1322 Solis
906 1283 963 1322 ad
981 1283 1277 1335 perturbandos
1305 1290 1430 1325 motm-
1456 1285 1602 1325 Παπαῖ.

218 1393 457 1435 Dnsmnm
487 1395 518 1437 S
550 1395 703 1446 Solem,
736 1395 778 1437 T
807 1394 996 1447 Terram,
1031 1395 1067 1438 P
1097 1396 1274 1448 Lunam,
1310 1396 1346 1438 C
1368 1397 1409 1438 A
1431 1398 1475 1439 D
1498 1397 1700 1440 Borbem
1721 1400 1870 1442 Lunae.

162 1465 214 1510 In
235 1467 268 1510 S
285 1466 327 1510 P
345 1468 532 1524 capiatur
553 1469 584 1512 S
606 1469 649 1510 K
667 1468 836 1524 aequalis
868 1469 898 1511 S
919 1469 983 1518 T;
1014 1469 1148 1525 sitque
1181 1470 1211 1512 S
1232 1469 1271 1511 L
1300 1469 1354 1511 ad
1386 1470 1417 1512 S
1440 1469 1483 1511 K
1512 1469 1556 1511 in
1576 1470 1785 1527 duplicat&
1806 1487 1872 1515 ra-

161 1537 274 1579 tione
296 1539 327 1581 S
349 1538 392 1581 K
411 1539 466 1580 ad
488 1540 518 1582 S
540 1539 588 1589 P,
617 1547 659 1580 et
678 1539 755 1593 ipsi
777 1538 814 1580 P
835 1538 876 1580 T

161 1618 308 1667 agatur
319 1611 518 1666 parallela
533 1611 572 1653 L
586 1611 661 1660 M;
682 1618 724 1652 et
739 1611 772 1651 si
783 1625 878 1668 gra-

161 1683 266 1725 vitas
281 1684 550 1726 acceleratrix
569 1684 716 1726 Terrae
735 1683 779 1724 in
802 1684 879 1725 So-

160 1754 256 1804 lem?
275 1763 508 1811 exponatur
534 1770 612 1811 per
640 1755 878 1797 distantiam

165 1827 251 1870 ST
270 1827 336 1869 vel
357 1828 388 1870 S
410 1827 466 1878 K,
489 1828 575 1882 erit·
589 1828 619 1870 S
640 1827 679 1870 L
698 1828 877 1885 gravitas

162 1898 428 1940 acceleratrix
463 1899 600 1940 Lunae
638 1899 682 1940 in
722 1898 876 1942 Solem.

162 1968 228 2010 Ea
240 1970 501 2024 componitur
513 1985 566 2011 ex
574 1970 760 2026 partibus
773 1972 803 2014 S
815 1971 880 2022 M,

164 2039 204 2080 L
225 2039 290 2089 M,
313 2055 488 2096 quarum
507 2040 546 2082 L
568 2040 621 2082 M
640 2049 682 2083 et
699 2042 828 2099 ipsius
851 2043 881 2084 S
902 2042 956 2084 M
974 2056 1072 2097 pars
1094 2042 1136 2084 T
1156 2042 1208 2083 M
1236 2042 1452 2097 perturbat
1469 2051 1630 2084 motum
1651 2043 1799 2094 Lunae,
1831 2053 1877 2086 ut

162 2111 207 2152 in
229 2111 348 2153 Libri
370 2112 501 2153 Primi
521 2112 650 2168 Prop.
673 2114 840 2157 LXVI.
862 2124 903 2158 et
922 2116 1010 2172 ejus
1034 2115 1276 2157 Corollariis
1296 2117 1532 2172 expositum
1554 2124 1627 2158 est.
1664 2117 1716 2172 (q)
1759 2117 1877 2167 Qua-

207 2245 254 2287 (‘¹)
270 2247 290 2266 ⁰
310 2243 468 2281 ‘Quatenus
487 2248 584 2283 Terra
598 2253 628 2278 et
638 2248 734 2278 Luna
749 2247 830 2278 circa
841 2258 1003 2279 commune
1042 2244 1198 2286 exponen(
1222 2247 1245 2277 S
1261 2247 1278 2277 1
1300 2252 1332 2277 et
1355 2247 1377 2278 S
1392 2254 1413 2277 λ
1436 2247 1515 2277 vires
1535 2248 1738 2279 acceleranoes
1752 2247 1877 2278 Lunam

161 2289 321 2330 granicam
356 2294 497 2320 cenerum
533 2291 738 2327 revolvuntur,
772 2291 1001 2330 perturbabit-ur
1041 2296 1074 2320 et
1086 2289 1215 2320 Terram
1228 2289 1261 2319 in
1278 2289 1393 2326 Solem,
1406 2291 1707 2329 etperturbabuntur
1716 2289 1878 2331 utriusque

163 2332 257 2371 etiam
278 2337 378 2362 motus
405 2332 508 2362 Terroe
529 2333 609 2363 circa
631 2343 703 2363 cen-

163 2379 252 2405 trum
271 2375 349 2404 illud
371 2384 390 2403 a
410 2375 522 2405 virilms
542 2376 702 2406 consimili-

164 2418 237 2452 ὺως
253 2414 395 2455 daeignet
402 2421 439 2446 ut
447 2415 533 2455 prius
549 2417 571 2448 S
585 2416 699 2454 Solem,

165 2457 220 2488 sed
248 2457 288 2487 sit
315 2457 345 2488 T
368 2463 508 2488 nentrum
537 2468 704 2490 commune

165 2499 323 2541 gravitatis
339 2500 443 2531 Teme
465 2506 496 2531 et
518 2501 641 2539 Lunae3
664 2500 704 2532 sit

166 2543 272 2583 itaque
284 2552 306 2580 p
322 2541 417 2572 Luna
437 2549 469 2573 et
489 2549 504 2573 t
526 2543 624 2574 Terra
644 2543 701 2573 cir-

165 2594 240 2616 cum
263 2593 430 2615 commune
450 2585 607 2626 gravitatis
629 2595 701 2615 cen-

166 2632 251 2657 trum
265 2626 463 2664 revolventas,
478 2627 522 2658 ita
536 2634 573 2658 ut
587 2627 701 2658 distan-

167 2668 566 2710 tiaptaitaequalisPT,
588 2670 703 2701 ductis-

167 2721 228 2752 que
244 2711 267 2742 S
282 2721 311 2751 p,
331 2711 353 2742 S
367 2718 390 2747 t,
407 2712 599 2754 sumptisque
612 2713 646 2742 in
659 2713 704 2744 eis
761 2736 778 2749 .,

166 2753 258 2784 lineis
270 2753 434 2792 productis
443 2754 469 2784 si
482 2764 561 2794 opus
578 2755 617 2786 sit
628 2756 655 2786 'S
669 2756 701 2794 k,

171 2796 194 2827 S
209 2810 228 2826 n
243 2796 413 2836 equalibus
434 2797 456 2827 S
472 2797 511 2834 T,
534 2798 704 2840 secatisque

170 2838 282 2868 Slet
304 2838 611 2870 szimutsintad
635 2841 704 2872 ST

167 2878 370 2919 induplicata
378 2881 497 2912 ratione
514 2882 578 2913 ST
591 2882 632 2914 ad
649 2883 704 2923 Sp

123 2919 609 2964 'etadsgactisquelm
636 2932 703 2966 λμ,

171 2964 325 3004 parallelis
346 2965 387 2995 ad
407 2975 428 3004 p
441 2971 469 3003 t,-
486 2966 667 3006 si‘exponat
691 2969 714 3000 S
729 2969 760 3000 T
774 2969 837 3001 vim
856 2970 1006 3002 accelera„
1050 2976 1155 3002 motus

1283 2977 1318 3002 tu
1343 2971 1440 3002 centri
1461 2970 1640 3002 communis
1655 2971 1814 3012 gravitatis
1830 2981 1884 3011 per

171 3006 397 3038 nicancentri
418 3009 591 3041 communis
611 3011 868 3052 gmvimtisTin
892 3013 1006 3053 Sol-n,
1052 3013 1204 3045 vireslm
1226 3021 1257 3045 et
1279 3022 1346 3054 λμ,
1372 3014 1598 3056 ΤωειΤμ;
1621 3025 1692 3055 quoe
1713 3015 1791 3046 vires
1811 3024 1884 3045 con-
