2072 3522
143 274 290 316 Lmen
312 274 552 324 Tannus]
579 270 588 279 “
619 268 941 313 PRINCIPIA
971 266 1466 311 MATHEMATICA.
1774 274 1853 313 201

139 388 246 432 nihil
274 387 429 444 patitur
457 400 512 427 ex
539 398 765 440 corporum
793 382 998 424 motibus:
1028 381 1100 423 illa
1127 380 1286 422 nullam
1306 381 1490 423 sentiunt
1509 381 1783 423 resistentiam
1802 397 1857 424 ex

141 457 475 515 omnipraesentia
515 456 597 498 dei.
676 455 821 499 Deum
859 468 1068 496 summum
1104 451 1339 495 necessario
1378 454 1554 495 existere
1589 454 1633 494 in
1666 454 1858 496 confesso

142 541 227 576 est:
265 539 309 574 et
345 531 492 573 eadem
529 529 775 573 necessitate
812 543 964 582 semper
1001 534 1064 569 est
1103 534 1147 568 et
1182 527 1338 582 ubique.
1425 526 1554 568 Unde
1587 527 1711 568 etiam
1746 535 1857 569 totus

141 612 204 647 est
223 604 288 646 sui
311 594 467 655 similis,
498 610 610 645 totus
639 602 798 652 oculus,
820 608 934 643 totus
961 600 1086 651 auris,
1109 607 1222 642 totus
1241 600 1472 650 cerebrum,
1494 608 1605 642 totus
1624 600 1856 651 brachium,

139 682 253 718 totus
280 675 343 716 vis
373 674 590 724 sentiendi,
631 672 904 730 intelligendi,
935 679 978 713 et
1005 671 1170 729 agendi,
1207 671 1282 713 sed
1309 686 1427 713 more
1454 672 1624 713 minime
1656 671 1854 723 humano,

138 762 258 789 more
294 745 466 788 minime
514 760 731 802 corporeo,
780 759 898 787 more
936 743 1069 786 nobis·
1105 757 1278 799 prorsus
1314 743 1540 801 incognito.
1620 744 1685 788 Ut
1723 758 1858 787 coecus

139 835 227 862 non
253 821 382 863 habet
409 820 546 862 ideam
567 820 767 871 colorum,
797 819 856 861 sic
882 833 960 860 nos
988 818 1126 870 ideam
1154 832 1240 860 non
1268 818 1469 861 habemus
1498 819 1734 870 modorum,
1766 820 1858 876 qui-

139 895 219 936 bus
253 894 358 936 deus
396 893 722 949 sapientissimus
757 891 881 934 sentit
912 899 954 933 et
990 891 1185 949 intelligit
1218 892 1371 933 omnia.
1442 891 1633 947 Corpore
1664 892 1779 933 omni
1817 901 1860 934 et

141 965 278 1022 figura
309 964 510 1026 corporea
539 974 713 1021 prorsus
742 963 994 1014 destituitur,
1025 962 1205 1019 ideoque
1234 962 1366 1004 videri
1392 977 1478 1004 non
1507 971 1658 1021 potest,
1689 977 1767 1005 nec
1786 978 1859 1005 au-

141 1038 236 1088 diri,
267 1052 347 1079 nec
375 1037 504 1095 tangi,
536 1051 614 1078 nec
642 1036 720 1078 sub
749 1036 886 1092 specie
914 1036 976 1077 rei
1004 1035 1178 1092 alicujus
1198 1050 1412 1091 corporeae
1431 1036 1513 1078 coli
1542 1036 1678 1078 debet.
1737 1034 1862 1078 Ideas

138 1108 340 1150 habemus
369 1109 661 1150 attributorum
689 1108 792 1163 ejus,
823 1107 898 1149 sed
925 1106 1028 1164 quid
1057 1107 1112 1149 sit
1141 1108 1203 1156 rei
1231 1107 1406 1164 alicujus
1435 1107 1665 1150 substantia
1688 1106 1862 1149 mmim'e

140 1180 442 1237 cognoscimus.
515 1178 718 1220 Videmus
748 1177 911 1220 tantum
942 1171 1167 1233 corporum
1198 1177 1355 1235 figuras
1388 1186 1432 1220 et
1461 1177 1635 1229 colores,
1669 1177 1862 1220 audimus

139 1251 304 1295 tantum
333 1266 471 1303 sonos,
509 1251 718 1308 tangimus
751 1249 915 1293 tantum
949 1250 1189 1306 superficies
1218 1259 1426 1303 externas,
1463 1251 1685 1294 olfacimus
1710 1251 1861 1294 odores

141 1323 266 1375 solos,
288 1331 331 1366 et
349 1323 565 1381 gustamus
584 1337 777 1378 sapores:
808 1321 974 1364 intimas
994 1321 1243 1364 substantias
1262 1311 1382 1364 nul-Io
1400 1335 1541 1373 sensu,
1563 1321 1678 1364 nulla
1699 1323 1862 1365 actione

140 1396 296 1439 reflexa
329 1396 642 1454 cognoscimus;
687 1403 729 1437 et
761 1393 894 1436 multe>
929 1392 1068 1436 minus
1097 1393 1236 1435 ideam
1267 1392 1471 1435 habemus
1503 1393 1745 1436 substantiae
1779 1393 1861 1435 dei.

143 1467 279 1510 Hunc
307 1466 597 1524 cognoscimus
626 1465 889 1507 solummodo
916 1478 996 1520 per
1011 1463 1287 1520 proprietates
1307 1464 1394 1520 eJus
1413 1472 1455 1506 et
1474 1464 1684 1514 attributa,
1715 1471 1758 1506 et
1785 1478 1864 1519 per

141 1539 461 1595 sapientissimas
482 1545 525 1580 et
542 1537 720 1593 optimas
739 1551 882 1578 rerum
900 1543 1126 1578 structuras
1145 1543 1187 1577 et
1207 1549 1351 1577 causas
1371 1535 1530 1586 finales,
1548 1544 1590 1578 et
1608 1535 1864 1577 admiramur

145 1612 201 1653 ob
228 1609 526 1666 perfectiones3
561 1620 817 1650 veneramur
838 1614 978 1649 autem
1007 1615 1050 1648 et
1078 1606 1254 1648 colimus
1283 1606 1339 1648 ob
1368 1607 1612 1649 dominium.
1675 1605 1864 1650 Colimus

142 1676 255 1724 enim
283 1689 332 1724 ut
360 1680 481 1731 servi,
513 1687 558 1722 et
575 1679 685 1721 dens
699 1678 791 1721 sine
807 1678 1006 1729 dominio,
1027 1676 1302 1733 providentia,
1333 1686 1376 1720 et
1396 1678 1527 1720 causis
1547 1679 1742 1720 finalibus
1761 1678 1866 1720 nihil

141 1753 257 1796 aliud
286 1759 350 1795 est
378 1750 505 1808 quam
531 1748 667 1793 fatum
684 1757 728 1791 et
743 1757 905 1792 natura.
966 1749 1010 1791 A
1038 1746 1148 1790 caeca
1168 1749 1413 1791 necessitate
1441 1748 1738 1806 metaphysica,
1769 1764 1864 1807 quae

140 1826 285 1882 utique
312 1823 463 1867 eadem
486 1831 553 1866 est
581 1837 745 1879 semper
774 1830 816 1864 et
843 1822 1011 1879 ubique,
1042 1820 1158 1862 nulla
1185 1821 1319 1863 oritur
1346 1836 1487 1864 rerum
1505 1822 1693 1864 variatio.
1753 1821 1865 1864 Tota

141 1911 287 1939 rerum
313 1894 577 1938 conditarum
603 1909 683 1950 pro
711 1893 814 1936 locis
833 1908 882 1935 ac
900 1892 1159 1948 temporibus
1179 1891 1410 1942 diversitas,
1433 1892 1489 1934 ab
1506 1893 1627 1943 ideis,
1655 1901 1699 1934 et
1717 1893 1866 1934 volun-

142 1975 238 2009 tate·
259 1965 368 2008 emis
396 1964 630 2006 necessario
660 1964 873 2006 existentis
904 1963 1167 2005 solummodo
1197 1962 1299 2004 oriri
1326 1963 1478 2018 potuit.
1536 1963 1705 2005 Dicitur
1723 1973 1864 2006 autem

146 2040 251 2081 deus
278 2053 355 2094 per
385 2037 627 2095 allegoriam
656 2036 810 2087 videre,
841 2036 999 2086 audire,
1030 2035 1159 2092 loqui,
1190 2035 1341 2086 ridere,
1377 2050 1528 2087 amare,
1565 2037 1663 2078 odio
1692 2037 1861 2087 habere,

145 2125 312 2166 cupere,
334 2110 448 2161 dare,
471 2109 672 2164 accipere,
695 2108 891 2167 gaudere,
913 2108 1047 2159 irasci,
1069 2123 1272 2165 pugnare,
1294 2107 1510 2160 fabricare,
1542 2109 1735 2160 condere,
1767 2125 1866 2151 con-

145 2190 318 2224 struere.
378 2181 491 2222 Nam
521 2194 659 2222 sermo
689 2179 822 2221 omnis
851 2179 906 2221 de
935 2179 1015 2221 deo
1034 2194 1060 2221 a
1078 2179 1203 2220 rebus
1228 2179 1421 2221 humanis
1448 2194 1525 2234 per
1554 2179 1866 2222 similitudinem

154 2255 336 2311 aliquam
356 2254 599 2304 desumitur,
620 2268 706 2294 non
725 2251 950 2308 perfectam
969 2251 1152 2308 quidem,
1173 2251 1247 2293 sed
1266 2251 1486 2308 aliqualem
1505 2260 1661 2294 tamen.
1698 2252 1757 2294 Et
1774 2252 1866 2294 haec

147 2327 202 2368 de
221 2327 332 2376 Deo,
354 2325 408 2367 de
427 2340 510 2382 quo
529 2324 672 2381 utique
692 2338 747 2366 ex
764 2322 1052 2380 phaenomenis
1067 2322 1281 2373 disserere,
1299 2321 1354 2363 ad
1371 2321 1679 2378 philosophiam
1698 2331 1866 2364 natura-

144 2398 229 2440 lem
248 2397 441 2453 pertinet.

224 2470 446 2512 Hactenus
480 2466 756 2523 phaenomena
786 2465 989 2508 coelorum
1022 2473 1064 2507 et
1097 2464 1224 2506 maris
1257 2463 1388 2506 nostri
1417 2478 1495 2519 per
1528 2464 1613 2505 vim
1651 2464 1865 2522 gravitatis
1908 2516 1911 2518 μ

145 2540 335 2595 exposui,
359 2539 434 2581 sed
453 2552 620 2580 causam
639 2537 854 2596 gravitatis
873 2536 1063 2578 nondum
1083 2535 1301 2593 assignavi.
1363 2534 1512 2577 Oritur
1531 2535 1675 2591 utique
1693 2534 1786 2576 haec
1804 2536 1866 2576 vis

148 2627 174 2653 a
203 2612 326 2655 causa
355 2611 507 2669 aliqua,
540 2626 634 2668 quae
662 2620 854 2668 penetrat
873 2611 927 2652 ad
947 2625 1078 2658 usque
1099 2617 1241 2651 centra
1266 2607 1374 2650 Solis
1404 2617 1446 2649 et
1473 2607 1748 2663 planetarum,
1780 2608 1868 2649 sine

147 2685 311 2727 virtutis
332 2685 632 2734 diminutione;
663 2699 840 2741 quaeque
860 2693 947 2741 agit
966 2697 1052 2725 non
1070 2696 1150 2738 pro
1171 2680 1399 2738 quantitate
1417 2681 1710 2734 superficierum
1739 2680 1868 2735 parti-

150 2758 352 2809 cularum,
382 2759 427 2799 in
456 2773 558 2815 quas
588 2757 674 2815 agit
705 2761 770 2813 (ut
801 2756 936 2798 solent
964 2770 1102 2797 causae
1129 2754 1399 2806 mechanicae)
1431 2753 1502 2794 sed
1532 2768 1611 2808 pro
1641 2754 1868 2809 quantitate

147 2830 334 2871 materiae
363 2831 503 2871 solidae
517 2854 533 2879 ,·
566 2839 608 2872 et
637 2831 753 2885 cujus
786 2829 894 2871 actio
922 2829 967 2869 in
994 2829 1216 2869 immensas
1237 2826 1451 2867 distantias
1472 2826 1658 2882 undique
1679 2826 1868 2868 extendi-

148 2911 230 2952 tur,
262 2901 540 2944 decrescendo
561 2917 725 2958 semper
752 2901 797 2942 in
827 2900 1035 2956 duplicata
1057 2901 1216 2942 ratione
1236 2899 1538 2941 distantiarum.
1602 2899 1795 2941 Gravitas
1824 2900 1868 2941 in

151 2974 293 3017 Solem
323 2976 586 3030 componitur
615 2991 667 3018 ex
698 2975 968 3033 gravitatibus
998 2974 1042 3014 in
1073 2973 1254 3030 singulas
1279 2972 1386 3014 Solis
1414 2972 1653 3027 particulaS,
1685 2981 1726 3014 et
1754 2987 1868 3015 rece-

151 3047 293 3090 dendo
325 3063 351 3089 a
390 3049 486 3092 Sole
507 3049 710 3092 decrescit
743 3047 934 3091 accurate
966 3048 1009 3088 in
1045 3045 1254 3102 duplicata
1295 3045 1450 3088 ratione
1490 3045 1775 3087 distantiarum
1816 3046 1869 3087 ad
