2072 3522
212 256 265 292 68

212 364 388 403 pasculum,
412 363 551 395 transibit
566 363 660 394 Luna
682 374 720 394 ex
746 364 860 395 circulo
883 364 990 404 primae
1010 365 1040 394 vi

213 417 351 447 congruo
376 407 409 436 in
433 406 565 436 alterum
579 406 651 437 huic
665 407 854 437 incremento
879 412 1039 437 consenta-

212 458 319 486 neum,
334 449 436 489 sicque
450 458 578 488 semper,
593 447 726 488 ideoque
747 449 780 478 in
802 448 933 488 singulis
947 449 1038 487 parti-

212 491 290 521 culis
304 490 392 520 arcfis
420 491 446 521 C
474 490 503 520 P
526 490 620 521 Luna
634 490 748 521 cen-seri
763 496 864 528 potest
885 490 985 521 delata
1006 491 1040 520 in

213 532 365 564 circulum
379 533 410 563 vi
426 531 506 563 Solis
518 531 551 562 in
566 543 603 563 eo
614 540 729 572 puncto
737 532 839 573 agenti
852 542 1035 573 congruum.

494 660 676 692 THEOR.
704 660 765 691 VI.

257 744 458 776 Manentibus
485 755 556 786 quae
584 745 618 775 in
645 745 757 776 Theor.
790 744 851 775 IV.
884 744 1041 784 supposita

212 793 294 824 sunt,
316 787 436 818 dicatur
458 798 475 818 c
498 794 562 818 tota
576 787 821 818 circumferentia
835 787 925 827 cujus
939 787 1042 818 radius

212 835 258 860 est
270 839 296 866 r,
311 829 430 860 dicatur
447 831 476 861 Y
491 831 535 860 vis
551 830 630 861 Solis
640 839 734 869 agens
748 830 780 858 in
798 829 923 859 Lunam
932 839 1042 859 secun-

211 870 290 901 dum
303 871 503 902 directionem
521 873 548 903 P
565 873 594 903 T
615 879 646 902 et
667 872 700 901 in
722 869 794 901 data
808 868 953 901 distantia
970 872 995 902 C
1013 871 1041 902 P

210 923 231 943 a
251 913 438 954 quadratura
466 915 502 951 C,
528 925 598 954 quae
611 913 753 944 distantia
769 914 795 944 C
820 913 849 943 P
863 913 982 944 dicatur
1007 924 1039 950 u,

211 954 332 986 dicatur
348 957 383 986 M
400 963 522 995 tempus
543 956 732 995 periodicum
749 955 850 985 Lunae
872 955 905 985 in
926 956 1040 986 circulo

214 998 246 1027 A
261 998 294 1028 D
309 998 337 1028 B
353 998 379 1028 C
394 997 470 1028 citra
487 999 566 1028 Solis
581 998 741 1033 actionem,
767 1008 855 1028 arcus
869 998 1000 1038 exiguus
1022 1008 1041 1028 a

210 1043 327 1078 puncto
347 1040 373 1070 P
387 1047 562 1079 assumptus
573 1041 692 1071 dicatur
706 1039 728 1070 d
742 1050 774 1077 u,
790 1039 859 1069 dico
870 1040 953 1079 quod
962 1047 1038 1070 tem-

211 1091 271 1120 pus
295 1092 357 1122 quo
382 1083 490 1112 similis
512 1093 600 1113 arcus
623 1082 809 1113 describetur
832 1082 863 1111 in
887 1081 984 1112 orbita
1006 1082 1040 1111 in

211 1133 305 1195 qis-igin
323 1124 415 1154 Luna
429 1135 483 1164 per
497 1125 648 1155 actionem
663 1124 742 1155 Solis
756 1130 802 1154 est
814 1124 966 1162 translata,
983 1124 1041 1155 erit

303 1176 325 1195 u

264 1228 281 1247 c

254 1260 339 1289 Nam
359 1261 384 1289 si
399 1260 444 1288 vis
468 1261 497 1291 Y
511 1270 581 1300 quae
596 1260 626 1289 iu
642 1266 793 1299 punctum
811 1261 838 1291 P
861 1273 880 1291 a
903 1259 974 1291 Sole
988 1271 1039 1291 ex-

211 1308 340 1338 ercetur,
356 1303 387 1331 in
404 1302 532 1343 exiguas
546 1302 709 1341 particulas
723 1303 918 1340 divideretur,
934 1309 965 1333 et
979 1303 1041 1333 sin-

211 1344 287 1384 gula
302 1354 372 1384 quae
386 1344 505 1374 dicatur
519 1344 541 1375 d
555 1345 583 1375 Y
597 1351 735 1376 maneret
755 1351 898 1375 constans
911 1345 1042 1375 durante

212 1385 305 1417 unica
318 1386 508 1418 revolutione
521 1387 631 1425 Luuae,
642 1386 744 1429 sicque
754 1387 905 1428 gradatim
917 1388 1042 1420 Lunam

212 2326 246 2356 in
262 2326 413 2356 circulum
435 2338 453 2357 a
468 2327 489 2358 d
503 2329 523 2358 b
538 2337 554 2357 c
569 2327 754 2366 transferret,
778 2335 900 2368 tempus
913 2331 1046 2370 periodi.

213 2378 284 2398 cum
301 2369 333 2398 in
350 2369 474 2409 singulo
488 2370 602 2400 circulo
614 2371 772 2401 excederet
782 2378 903 2410 tempus
913 2373 1045 2411 periodi-

213 2446 286 2467 cum
310 2435 342 2466 in
366 2436 482 2468 circulo
507 2438 690 2477 praecedenti
715 2439 884 2480 quantitate
911 2419 930 2444 2
956 2416 976 2445 d
1002 2416 1031 2446 Υ

216 2504 303 2534 Hinc
327 2506 451 2536 tandem
478 2512 600 2551 tempug
608 2507 801 2549 ⁴periodicum
828 2519 889 2549 quo
912 2469 1045 2540 circxislus

206 2584 225 2604 a
238 2574 260 2604 d
273 2575 293 2605 b
308 2584 325 2605 c
340 2574 570 2611 describeretur,
587 2576 666 2604 foret
681 2574 720 2605 M
734 2578 766 2610 ><
787 2575 817 2615 (1
839 2574 882 2615 -Ι-
900 2550 967 2630 {VX
982 2574 1025 2615 ÷

206 2643 280 2683 &c.)
297 2654 351 2683 per
368 2644 480 2674 Theor.
502 2642 572 2673 111.
587 2649 618 2674 et
632 2650 754 2682 tempus
765 2653 827 2683 quo
835 2653 924 2673 arcus
934 2643 1042 2673 similis

205 2686 290 2716 arcui
305 2686 326 2716 d
342 2696 362 2716 u
379 2685 600 2715 describeretur
613 2686 646 2715 in
661 2696 698 2716 eo
709 2685 832 2718 circulo.
847 2685 924 2715 foret
932 2685 971 2716 ad
983 2686 1041 2716 hoc

204 2734 327 2766 tempus
355 2727 546 2768 periodicum
577 2734 612 2758 ut
640 2727 661 2758 d
677 2738 699 2758 u
724 2727 764 2758 ad
786 2738 814 2765 c,
841 2728 919 2758 soret
941 2728 1044 2768 itaque

206 2770 279 2852 Med
297 2782 317 2801 u
337 2801 370 2833 Χ
391 2798 422 2838 (l
443 2796 485 2838 -ί-
505 2771 571 2852 QVY
588 2796 630 2838 -Ι-
659 2794 732 2836 διο.)
745 2795 798 2826 sed
809 2795 939 2836 singulae
951 2796 1043 2836 parti-

202 2865 281 2894 culae
306 2864 413 2894 orbitae
438 2874 530 2904 quam
558 2865 650 2896 Luna
672 2864 813 2895 describit
837 2871 960 2904 propter
981 2864 1038 2894 ad-

200 2906 393 2947 junctionem
409 2907 454 2936 vis
472 2907 559 2944 Solis,
583 2907 710 2945 spectari
726 2914 854 2946 possunt
868 2908 953 2947 quasi
970 2917 1036 2945 per-

204 2948 336 2978 tinerent
361 2948 401 2978 ad
427 2949 557 2979 circulos
583 2959 736 2990 congruos
761 2952 791 2979 vi
819 2949 898 2979 Solis
921 2950 952 2979 in
974 2949 1036 2979 illis

202 2991 325 3029 punctis
348 2991 475 3030 agentis,
500 3002 554 3030 per
571 2993 682 3022 Theor-
705 2992 742 3022 V.
793 2991 888 3031 Ergo,
914 2998 1036 3030 tempus

202 3033 362 3062 inventum
386 3040 431 3062 est
454 3032 531 3063 illud
555 3035 667 3072 ipsum,
692 3043 755 3074 quo
776 3034 915 3070 durante,
942 3034 1036 3064 Luna

202 3073 348 3105 describet
372 3084 475 3103 arcum
499 3076 630 3105 similem
652 3077 735 3106 arcui
758 3076 780 3106 d
795 3075 862 3106 uin
885 3075 983 3107 orbita
1004 3077 1035 3106 in

202 3127 295 3157 quam
311 3116 491 3148 transfertur
506 3127 559 3156 per
573 3118 724 3149 actionem
742 3117 829 3149 solis,

584 238 1031 292 PHILOSOPHIAE
1064 249 1422 294 NATURALis
1481 251 1575 303 [DE
1597 250 1760 293 Mum).
1784 243 1906 304 sm.

1381 365 1561 397 LEMMA
1584 366 1612 398 Ι.

1127 449 1271 480 Invenire
1284 450 1449 491 integrales
1461 450 1668 491 quantitatum
1683 461 1704 491 y
1718 450 1739 481 d
1754 461 1788 489 u,
1810 448 1831 481 2⁴
1841 450 1863 482 d
1876 461 1910 490 u,

1082 492 1351 533 y²du,z²ydu,
1364 503 1379 522 z
1391 492 1505 532 y²du,
1518 493 1911 534 yz²du,y³du‚y4du,

1081 535 1138 564 διε,
1161 535 1311 565 factarum
1327 545 1364 564 ex
1379 535 1531 565 elemento
1551 534 1640 566 arcus
1659 542 1690 566 ct
1711 535 1913 577 dignitatibus

1083 577 1150 617 ejus
1163 576 1249 606 sinus
1262 587 1292 617 y,
1309 577 1357 607 vel
1372 577 1438 617 ejus
1452 577 1575 607 cosinus
1589 587 1615 607 z.

1128 618 1179 649 Ex
1194 618 1305 649 natura
1316 620 1419 650 circuli
1432 618 1622 659 trianguium
1637 618 1664 649 P
1676 618 1706 650 T
1717 619 1747 649 E
1758 625 1804 650 est
1812 619 1914 651 simile

1082 660 1237 702 triangulo
1251 661 1409 692 fluxionali
1428 661 1455 691 P
1466 670 1499 690 m
1514 671 1535 690 ιι
1547 672 1557 698 ;
1572 659 1702 701 ideoque
1714 668 1763 692 est
1778 662 1805 692 P
1822 662 1851 692 T
1865 662 1911 703 (r)

1083 703 1318 746 ade(du)
1335 702 1527 744 utPE(y)
1544 703 1583 733 ad
1602 702 1911 744 Pn(dz),utTE

1085 745 1911 838 (z)admn(dy)‚hincestdu=ss=¹'-‘:—5;

1083 1388 1156 1420 hinc
1169 1391 1206 1422 fit
1220 1391 1330 1431 primo,
1345 1399 1391 1431 ut,
1406 1404 1514 1425 omnes
1528 1394 1650 1425 termini
1665 1394 1698 1424 in
1712 1392 1825 1434 quibus
1838 1391 1915 1422 alte-

1082 1438 1167 1462 ruter
1180 1433 1332 1465 factorum
1346 1446 1367 1475 y
1382 1437 1430 1466 vel
1444 1447 1461 1466 z
1475 1437 1654 1477 quantitatis
1676 1436 1697 1466 d
1712 1446 1734 1466 ιι
1749 1434 1916 1466 dimensio-

1083 1483 1155 1504 nem
1180 1477 1272 1507 habet
1296 1477 1421 1517 imparis
1445 1478 1575 1514 numeri,
1607 1478 1725 1518 possint
1749 1475 1915 1517 integrarig

1083 1552 1157 1572 nam
1171 1543 1240 1575 loco
1254 1544 1398 1577 elementi
1413 1545 1433 1577 d
1448 1556 1480 1582 u,
1503 1552 1636 1586 ponatur
1650 1546 1717 1587 ejus
1730 1544 1815 1576 valor
1833 1517 1916 1568 {Li-f

1863 1580 1884 1610 5

1083 1637 1110 1668 si
1123 1648 1144 1678 y
1157 1637 1197 1670 sit
1209 1639 1335 1678 imparis
1348 1641 1558 1679 dimensionis,
1574 1641 1624 1672 vel
1636 1625 1653 1645 r
1666 1614 1689 1697 ἶ
1701 1625 1722 1655 y
1738 1639 1763 1670 si
1777 1649 1794 1669 2
1808 1638 1848 1670 sit
1855 1619 1914 1668 ixit-

1084 1706 1165 1745 paris
1179 1706 1390 1747 dimensionis,
1417 1708 1454 1740 ea
1475 1709 1691 1740 substitutione
1704 1708 1759 1738 fiet
1779 1713 1816 1738 ut
1829 1716 1917 1747 pares

1084 1748 1215 1779 evadant
1228 1750 1433 1782 dimensiones
1458 1761 1478 1791 y
1501 1752 1549 1781 vel
1563 1763 1580 1781 z
1593 1762 1663 1791 quae
1678 1750 1765 1790 prius
1784 1749 1917 1789 impares

1084 1797 1179 1828 erant,
1196 1797 1227 1822 et
1240 1793 1313 1831 quia
1327 1794 1360 1823 in
1374 1792 1475 1833 primo
1489 1803 1562 1824 casu
1577 1795 1707 1824 habetur
1721 1791 1818 1822 fluxio
1845 1791 1867 1822 d
1883 1801 1912 1828 z,

1083 1832 1153 1863 loco
1177 1843 1198 1873 y
1212 1835 1228 1852 ²
1250 1835 1452 1866 substituatur
1476 1845 1492 1865 r
1505 1837 1522 1854 2
1536 1853 1580 1860 —
1594 1846 1610 1865 z
1627 1837 1654 1872 ²,
1679 1835 1783 1875 sicque
1809 1843 1918 1864 omnes

1085 1875 1214 1906 factores
1228 1876 1376 1907 ducentes
1390 1878 1411 1908 d
1430 1888 1452 1914 ι,
1469 1883 1560 1908 erunt
1574 1884 1628 1908 aut
1642 1887 1658 1906 r
1672 1883 1727 1907 aut
1741 1875 1767 1913 i,
1783 1873 1918 1916 ideoque

1085 1918 1239 1957 quantitas
1252 1921 1407 1958 proposita
1432 1920 1490 1950 erit
1511 1918 1651 1950 absolute
1667 1918 1865 1959 integi-abilis,
1881 1917 1918 1948 in

1085 1959 1180 1989 altero
1195 1970 1266 1990 casu
1282 1960 1355 1991 cum
1369 1963 1518 1992 habeatur
1528 1961 1625 1992 fluxio
1639 1961 1660 1992 d
1674 1971 1704 2000 y,
1720 1966 1757 1990 ut
1769 1960 1918 1990 tollantur

1085 2002 1212 2032 factores
1233 2014 1249 2033 z
1258 2004 1347 2044 cujus
1361 2004 1567 2035 dimensiones
1581 1998 1654 2034 sunt
1666 2013 1764 2043 pares,
1786 2001 1856 2033 loco
1868 2012 1886 2032 z
1900 2003 1917 2021 ⁸

1086 2044 1286 2074 substituatur
1309 2056 1324 2075 r
1339 2048 1355 2065 ²
1376 2064 1419 2071 —-
1439 2057 1460 2086 y
1474 2048 1500 2082 ²,
1527 2046 1631 2086 sicque
1656 2055 1764 2076 omnes
1787 2044 1918 2075 factores

1087 2085 1236 2116 ducentes
1248 2087 1268 2116 d
1283 2098 1313 2127 y,
1330 2095 1421 2119 erunt
1435 2095 1490 2118 aut
1515 2099 1531 2118 r
1553 2094 1608 2118 aut
1629 2098 1659 2128 y,
1676 2086 1808 2128 ide6que
1822 2087 1916 2118 habe·

1086 2129 1203 2158 buntur
1216 2131 1339 2159 termini
1354 2129 1492 2161 absolute
1505 2130 1710 2171 integrabiles⁸

1131 2170 1284 2208 Secunda,
1308 2173 1437 2203 factores
1451 2173 1629 2212 quantitatis
1651 2172 1672 2203 d
1697 2182 1720 2202 u
1742 2171 1804 2202 sint
1817 2181 1914 2210 pares,

1085 2217 1116 2242 et
1130 2213 1254 2251 quidam
1269 2214 1369 2253 primo
1383 2217 1422 2245 sit
1436 2225 1452 2244 z
1464 2217 1480 2233 2
1489 2215 1509 2245 d
1521 2225 1542 2244 u
1562 2215 1610 2244 vel
1621 2224 1642 2253 y
1652 2216 1668 2233 ²
1679 2214 1700 2244 d
1710 2224 1743 2248 ιι,
1759 2213 1792 2243 in
1892 2213 1901 2220 ⁰

1086 2255 1196 2284 horum
1213 2255 1432 2287 elementorum
1449 2262 1495 2287 est
1508 2267 1523 2286 r
1540 2261 1573 2294 Χ
1595 2257 1621 2287 C
1639 2256 1667 2287 P
1684 2256 1719 2292 Q.
1734 2255 1764 2286 Τ
1777 2255 1825 2285 vel
1845 2265 1863 2284 ι·
1879 2259 1913 2292 χ

1091 2297 1217 2333 CPE,
1241 2309 1311 2328 nam
1334 2306 1379 2328 est
1401 2299 1519 2329 z²du
1541 2311 1587 2327 =
1609 2297 1689 2328 rzd
1711 2308 1740 2337 y,
1764 2303 1832 2327 etz
1853 2297 1874 2328 d
1895 2307 1917 2337 y

1087 2344 1132 2368 est
1146 2338 1242 2369 fluxio
1256 2350 1334 2370 areae
1352 2342 1377 2371 C
1392 2341 1420 2371 P
1441 2341 1533 2378 QT;
1556 2340 1811 2380 esty²du=r
1825 2339 1916 2379 ydz,

1086 2387 1117 2410 et
1138 2390 1158 2419 y
1172 2380 1193 2410 d
1208 2392 1223 2410 z
1246 2388 1291 2412 est
1306 2382 1400 2412 fluxio
1414 2393 1492 2413 areae
1510 2383 1536 2413 C
1555 2383 1584 2413 P
1600 2383 1629 2412 E
1642 2394 1652 2419 ς
1676 2383 1778 2421 itaque
1791 2381 1918 2422 quando

1089 2423 1118 2453 P
1131 2432 1170 2452 ex
1195 2423 1221 2454 C
1243 2426 1380 2463 pervenit
1401 2426 1433 2454 in
1463 2427 1493 2455 A
1518 2431 1550 2455 et
1565 2425 1700 2459 ,absolvit
1713 2423 1916 2465 quadrantem

1733 2475 1749 2495 ι·
1762 2475 1780 2496 c

1086 2489 1789 2548 integralisz²duvely²duestrx3·

1128 2555 1197 2588 Sint
1219 2555 1322 2596 itaque
1343 2557 1434 2586 ambo
1455 2555 1584 2586 factores
1597 2566 1618 2595 y
1632 2554 1681 2585 vel
1701 2565 1718 2584 z
1739 2552 1918 2594 quantitatis

1084 2599 1106 2629 d
1121 2610 1142 2629 u
1166 2608 1296 2628 numero
1319 2598 1383 2637 pari
1408 2594 1647 2638 qualicumque-,⁸
1664 2605 1784 2635 semper
1811 2595 1917 2626 reduci

1083 2647 1230 2681 poterunt
1244 2640 1286 2671 ita
1301 2647 1337 2671 ut
1351 2640 1503 2680 quantitas
1513 2640 1668 2679 proposita
1678 2638 1832 2669 contineat
1846 2636 1916 2678 dig-

1086 2684 1197 2714 nitates
1212 2693 1298 2722 pares
1308 2683 1483 2713 alterutrius
1491 2681 1676 2722 quantitatis.
1693 2679 1769 2720 puta
1779 2690 1810 2720 y,
1821 2679 1918 2710 altem

1086 2726 1224 2757 variabili
1245 2725 1369 2756 exclusa
1390 2724 1532 2763 ponendo
1554 2724 1622 2754 loco
1642 2733 1658 2753 z
1675 2725 1690 2742 ²
1712 2722 1915 2763 quantitatem

1086 2779 1102 2798 r
1116 2770 1131 2788 2
1146 2786 1188 2794 --
1203 2779 1222 2807 y
1238 2770 1264 2797 ².
1313 2768 1346 2798 Si
1360 2777 1433 2806 ergo
1447 2773 1602 2807 quaeratur
1622 2766 1779 2806 integralis
1792 2763 1915 2805 quam-i-

1087 2811 1157 2842 uatis
1178 2821 1197 2850 y
1213 2812 1228 2829 ²
1244 2810 1266 2824 ‘¹¹
1282 2810 1302 2840 d
1318 2821 1347 2844 u,
1373 2815 1408 2839 ut
1432 2819 1468 2838 ea
1491 2808 1529 2838 ud
1553 2808 1683 2847 impares
1709 2807 1914 2838 dimensiones

1081 2859 1249 2889 revocetur,-
1275 2857 1427 2892 spectetur
1449 2857 1484 2881 ut
1498 2861 1517 2890 y
1533 2852 1547 2869 ²
1564 2850 1586 2864 ¹²¹
1598 2864 1635 2868 —
1650 2851 1660 2868 ¹
1680 2854 1712 2887 χ
1731 2860 1751 2889 y
1765 2849 1786 2880 d
1801 2859 1843 2883 ιιι
1865 2854 1922 2879 est·

1080 2902 1184 2926 autem
1203 2896 1294 2935 juxta
1316 2893 1475 2925 methodos
1498 2892 1639 2933 vulgares
1648 2894 1707 2935 sy
1723 2894 1737 2910 ²
1749 2891 1772 2907 “²
1786 2904 1826 2910 —
1843 2892 1855 2909 ¹
1874 2895 1908 2927 χ

1081 2934 1911 2978 ydu=y²m-·¹sydu-ssydu><(2m—-·

1080 2976 1909 3046 1)><y²¹¹¹—²dy‚sedydu=ryd⁸=rds,

1078 3080 1111 3105 et
1132 3072 1290 3115 integralis
1311 3070 1490 3113 quantitatis
1504 3071 1524 3101 d
1540 3082 1555 3102 z
1570 3077 1701 3111 sumptoe
1715 3081 1734 3101 a
1749 3076 1865 3109 puncto
1881 3069 1909 3117 C

1079 3123 1208 3147 estr—
1224 3115 1397 3156 z,hincsy
1414 3113 1433 3144 d
1449 3112 1909 3153 u=rr—rz‚qunsubsu-
