2072 3522
249 267 330 305 196

243 377 372 419 ticum
390 381 564 419 cometae
581 374 704 432 hujus
723 375 1012 419 determinare.

669 259 1122 304 PHILOSOPHIAE
1153 258 1516 306 NATURALIS
1546 261 1643 317 [DE
1661 264 1964 310 Munnsrsr.

1067 375 1209 432 Atque
1228 375 1320 419 haec
1340 377 1398 420 ita
1418 392 1462 420 se
1480 376 1708 430 habebunt,
1731 379 1765 421 si
1786 389 1962 437 cometa,

244 452 380 508 spatio
399 465 605 493 annorum
624 451 885 508 septuaginta
899 450 1096 507 quinque,
1119 450 1162 492 in
1182 450 1263 493 hoc
1278 451 1381 493 orbe
1400 452 1575 507 posthac
1589 452 1771 496 redierit.
1810 454 1963 503 Come-

242 534 297 568 tae
317 523 465 581 reliqui
484 524 631 580 majori
650 532 839 579 tempore
859 523 1016 565 revolvi
1035 522 1228 565 videntur
1248 531 1290 566 et
1309 523 1431 566 altius
1451 525 1687 579 ascendere.

300 596 512 639 Caeterum
539 595 725 647 cometae,
757 584 813 647 ob
842 609 1042 652 magnum
1062 609 1207 637 eorum
1227 610 1461 648 numerum,
1493 604 1535 638 et
1559 610 1756 654 magnam
1775 596 1960 653 aphelio—

239 683 333 711 rum
353 683 379 710 a
401 667 498 711 Sole
517 659 768 718 distantiam,
791 674 833 708 et
859 666 1030 724 longam
1047 667 1209 708 moram
1228 666 1273 707 in
1292 666 1483 722 apheliis,
1504 681 1582 723 per
1609 667 1832 724 gravitates
1850 669 1894 711 in
1913 685 1959 713 se

238 748 384 783 mutuo
403 740 592 783 nonnihil
613 740 771 783 turbari
801 740 966 791 debent,
998 747 1040 782 et
1068 755 1214 782 eorum
1243 740 1572 783 eccentricitates
1591 748 1635 782 et
1653 740 1958 786 revolutionum

238 821 431 869 tempora
458 827 571 854 nunc
600 812 744 869 augeri
764 811 1079 868 aliquantulum,
1107 826 1220 854 nunc
1240 811 1429 854 diminui.

1490 810 1676 854 Proinde
1695 826 1782 854 non
1801 820 1865 854 est
1883 828 1957 856 ex-

237 886 490 943 pectandum
511 894 557 928 ut
572 893 733 928 cometa
751 885 863 926 idem
883 885 928 927 in
943 885 1090 927 eodem
1110 885 1224 936 orbe,
1242 894 1283 927 et
1300 885 1447 927 iisdem
1463 885 1717 942 temporibus
1735 887 1957 942 periodicis

235 957 426 1000 accurate
456 957 610 1000 redeat.

234 1047 328 1089 quae
348 1048 373 1073 a
393 1031 525 1073 causis
545 1030 757 1086 praedictis
779 1030 978 1073 oriantur.
1014 1058 1018 1063 ·

290 1104 347 1145 Et
375 1103 475 1144 hinc
503 1102 610 1144 ratio
638 1101 839 1152 redditur,
873 1101 924 1158 (ἀ)

673 956 834 999 Sufficit
866 956 902 998 si
934 956 1183 999 mutationes
1216 972 1302 1000 non
1336 958 1512 1014 majores
1542 958 1799 1010 obvenerint,
1829 959 1956 1017 qutim

956 1103 1037 1144 cur'
1051 1109 1226 1144 cometae
1246 1116 1332 1142 non
1353 1101 1761 1157 comprehendantur
1779 1101 1956 1146 zodiaco

233 1190 348 1217 more
377 1175 653 1231 planetarum,
685 1174 759 1216 sed
788 1173 886 1216 inde
914 1174 1095 1232 migrent
1115 1183 1157 1216 et
1175 1174 1356 1215 motibus
1377 1174 1505 1215 variis
1523 1174 1568 1215 in
1588 1189 1732 1217 omnes
1752 1175 1954 1222 ooelorum

230 1247 421 1304 regiones
456 1245 653 1289 ferantur.

273 1358 316 1400 (⁶)
338 1361 405 1391 173.
426 1361 443 1379 ¹*
463 1362 528 1391 Cur
549 1365 672 1391 comctoe
686 1371 750 1391 non
771 1361 1068 1400 comprehendantur

229 1403 360 1433 zodiaco.
411 1402 462 1432 Ex
478 1404 637 1432 observato
652 1402 733 1442 saepe
749 1403 861 1441 saepius
876 1409 1068 1433 cometarum

228 1455 322 1475 cursu
351 1445 528 1485 retrogrado
558 1444 689 1475 deduxit
726 1446 900 1476 Newtonus
932 1453 1068 1476 cometas

228 1497 291 1516 non
307 1487 525 1526 comprehendi
540 1487 665 1517 zodiaco
680 1497 765 1517 more
780 1487 985 1526 planetarum,
1009 1487 1063 1518 sed

227 1529 301 1560 inde
322 1530 455 1570 migrare
476 1536 507 1560 et
529 1530 663 1560 motibus
685 1530 774 1560 variis
795 1529 828 1559 in
849 1539 956 1560 omnes
970 1530 1063 1561 80810-

227 1582 296 1602 rum
311 1575 452 1612 regiones
466 1582 634 1602 excurrere.
687 1573 836 1602 Attamen
850 1573 965 1603 clariss.
988 1573 1063 1604 Cas-

226 1614 313 1645 sinus
334 1615 367 1644 in
393 1615 539 1645 Monum.
558 1615 655 1645 Paris.
680 1625 730 1645 an.
756 1618 845 1646 1731.
870 1615 1065 1657 retrogrados

227 1665 421 1687 cometarum
437 1667 541 1687 motus
554 1657 595 1687 ad
609 1657 740 1688 directos
761 1657 893 1688 reduxit.
942 1657 1065 1689 Verum

225 1709 263 1729 eo
284 1700 414 1730 artificio
436 1700 535 1729 utitur
556 1699 602 1729 vir
616 1699 810 1730 doctissimus
830 1707 867 1730 ut
887 1700 1065 1731 distantiam

225 1748 353 1772 cometae
367 1753 387 1772 a
403 1741 500 1772 Terra
514 1741 562 1772 vel
580 1742 651 1772 Sole
666 1752 722 1781 pro
735 1742 860 1773 arbitrio
875 1750 1019 1780 assumat,
1032 1749 1063 1774 et

179 1794 182 1795 ⁷
224 1783 319 1814 modo
342 1784 501 1814 Tellurem
524 1784 602 1814 inter
619 1785 721 1815 Solem
737 1790 768 1814 et
782 1790 944 1822 cometam,
968 1784 1063 1816 modo

223 1833 376 1857 cometam
397 1827 476 1856 inter
501 1826 604 1857 Solem
626 1833 657 1857 et
684 1827 843 1857 Tellurem
868 1837 905 1858 ac
927 1828 1062 1868 denique

225 1869 330 1900 Solem
345 1870 426 1899 inter
439 1875 592 1900 cometam
611 1875 641 1899 et
666 1869 836 1906 Tellurem,
860 1880 916 1910 pro
931 1871 1061 1901 necessi-

222 1916 292 1946 tate,
317 1911 454 1942 collocet.
504 1909 578 1947 Qua
599 1911 718 1943 ratione
738 1911 771 1942 id
792 1911 860 1942 fieri
882 1914 978 1963 possit
998 1923 1062 1943 non

221 1955 293 1984 satis
321 1954 517 1995 intelligitur,
547 1954 606 1984 nisi
636 1955 743 1995 ignota
767 1953 897 1985 omnine>
923 1955 1060 1996 fingatur

221 2004 412 2027 cometarum
427 1997 564 2027 theoria·
556 2021 565 2034 ,
582 2007 725 2027 concesso
740 1998 824 2027 enim
839 1997 944 2038 aliquo
958 2008 1061 2029 come-

221 2046 324 2070 tarum
341 2046 513 2079 systemate,
531 2039 690 2070 distantias
704 2040 774 2071 illas
788 2050 844 2079 pro
858 2041 959 2071 lubitu
971 2051 1059 2072 usur-

220 2092 293 2121 pare
315 2092 379 2112 non
402 2082 483 2119 licet,
500 2083 554 2112 sed
569 2092 607 2112 ex
627 2082 706 2113 datis
724 2089 869 2113 motuum
888 2083 1057 2120 elementis,

220 2132 411 2155 cometarum
439 2124 584 2155 distantia
609 2132 734 2166 totaque
757 2126 931 2167 trajectoria
958 2125 1058 2158 deter¹

219 2167 388 2198 minantur.
438 2167 489 2198 sic
517 2167 664 2198 Halleius
692 2168 832 2199 definivit
854 2169 1059 2209 trajectoriam

219 2216 347 2240 cometae
362 2209 415 2250 qui
431 2211 521 2240 annis
538 2214 630 2242 1664.
647 2217 678 2241 et
703 2213 793 2242 1665.
811 2210 963 2251 apparuit.
1013 2212 1059 2243 Ut

218 2258 324 2292 autem
352 2253 566 2293 retrogradum
595 2253 690 2294 hujus
718 2260 847 2284 cometae
870 2259 992 2284 motum
1017 2254 1057 2285 ad

218 2294 371 2325 directum
394 2296 521 2326 reducat
546 2295 658 2326 clariss.
690 2296 846 2333 Cassinus,
871 2296 965 2327 talem
984 2297 1057 2328 huic

218 2344 347 2368 cometae
362 2345 483 2369 motum
498 2338 605 2369 tribuit
615 2338 668 2379 qui
684 2348 758 2369 cum
775 2318 895 2369 Halieii
909 2346 1057 2379 computo

219 2389 414 2429 nequaquam
429 2380 582 2411 couvenit-
631 2380 738 2417 Quam
753 2380 849 2420 probe
865 2388 969 2412 tamen
984 2392 1057 2412 cum

218 2423 482 2454 observationibus
494 2423 610 2454 theoria
625 2423 785 2464 congruat,
805 2423 939 2456 ostendit
953 2425 1057 2456 tabula

217 2464 310 2504 paulo
321 2465 392 2496 ante
403 2465 548 2496 exhibita.
585 2466 737 2502 Quamvis
751 2466 854 2507 itaque
865 2462 1057 2518 retrogrados

216 2514 407 2539 cometarum
428 2517 532 2539 motus
546 2509 585 2540 ad
600 2509 731 2539 directos
750 2507 912 2550 ingeniosa
927 2516 992 2540 arte
1007 2520 1054 2540 18-

216 2549 340 2582 duxerit
357 2551 514 2588 Cass-inus,
530 2561 592 2582 non
607 2551 639 2581 id
655 2558 758 2582 tamen
770 2552 841 2582 satis
851 2562 917 2583 esse
928 2551 1054 2583 arbitra-

215 2602 287 2623 mur
302 2599 338 2624 ut
351 2603 420 2624 eam
436 2593 610 2634 rejiciamus
619 2601 810 2624 cometarum
824 2586 972 2626 theoriam
983 2605 1054 2644 quae

214 2636 427 2674 phaenomenis
452 2636 590 2675 apprime
617 2636 790 2676 respondet,
822 2643 915 2678 atque
943 2633 1052 2668 incerti

214 2677 281 2709 sine
291 2677 357 2709 ulla
370 2678 490 2709 theoria
504 2689 650 2710 erremus.
693 2678 847 2711 Praetered
861 2679 956 2710 talem
970 2681 1052 2712 orbi-

213 2726 279 2751 tam
293 2720 439 2760 praedicto
454 2729 581 2752 cometae
596 2722 731 2763 assignat
753 2722 900 2754 Cassinus
914 2730 950 2754 ut
965 2722 1052 2754 extra

213 2764 320 2793 orbem
334 2774 477 2794 annuum
491 2762 555 2794 fere
569 2774 630 2794 non
641 2770 801 2803 excurrat,
817 2764 902 2805 quod
913 2765 938 2795 si
950 2775 998 2796 res
1008 2764 1053 2796 ita

213 2816 246 2836 se
260 2806 393 2844 haberet,
411 2807 461 2837 bic
475 2813 597 2837 cometa
610 2808 644 2837 in
659 2812 858 2847 conspectum
873 2806 935 2838 cito
945 2808 1052 2839 rediis-

213 2854 269 2884 set,
291 2856 426 2879 cometas
445 2848 528 2879 enim
548 2849 589 2880 ad
608 2850 776 2880 maximam
789 2850 914 2891 quoque
935 2850 1052 2882 distan-

211 2890 288 2920 tiam
313 2891 496 2930 conspicuos
520 2901 586 2922 esse
606 2898 724 2923 constat
746 2901 784 2923 ex
807 2891 931 2923 defectu
951 2893 1050 2932 paral.

211 2932 326 2963 laxeos·
373 2933 441 2964 Nec
457 2933 586 2964 feliciori
601 2945 745 2965 successu
759 2934 799 2965 ad
816 2941 936 2965 motum
951 2935 1051 2966 direc-

210 2980 280 3005 tum
309 2975 415 3006 reduci
444 2987 533 3015 posse
567 2977 689 3008 videtur
717 2985 820 3008 motus
855 2977 1052 3019 retrogradus

206 3023 340 3048 tometae
354 3028 403 3048 an.
428 3023 517 3050 1680.
552 3019 637 3050 Nam
652 3026 762 3059 praeter
775 3030 868 3060 quam
883 3020 967 3060 qnod
981 3030 1049 3051 oin-

211 3069 284 3089 nem
299 3067 489 3091 cometarum
504 3061 651 3092 theoriam
668 3062 746 3092 fictis
761 3062 800 3092 ad
815 3062 975 3093 arbitrium
990 3063 1048 3104 hy-

209 3102 387 3150 p'othesibus
400 3104 494 3133 everti
509 3114 530 3133 1
531 3114 632 3135 ecesse
647 3105 695 3139 sit,
712 3105 744 3134 in
759 3104 962 3154 explicatione
975 3106 1049 3137 Cas-

210 3145 269 3174 sini
300 3145 478 3186 gravissimu
515 3147 647 3176 occurrit
675 3146 840 3178 difficultas
868 3148 958 3188 cujus
987 3148 1049 3178 vim

716 1246 882 1289 Scilicet
907 1261 957 1288 eo
989 1246 1086 1298 fine,
1121 1254 1166 1288 ut
1203 1246 1247 1287 in
1281 1245 1456 1301 apheliis
1487 1246 1584 1297 suis,
1618 1247 1692 1288 ubi
1719 1248 1952 1292 tardissime

1110 1365 1209 1390 totam
1234 1358 1329 1391 sensit
1354 1358 1467 1390 clariss.
1487 1359 1544 1390 vir·
1592 1359 1758 1399 oporteret
1778 1360 1893 1392 scilicet
1913 1369 1951 1394 111

1111 1408 1231 1433 cometa
1259 1402 1313 1433 ille
1338 1401 1433 1442 paulo
1458 1410 1530 1433 ante
1567 1406 1619 1433 27.
1645 1402 1729 1433 diem
1764 1404 1950 1436 Novembris

1109 1454 1165 1484 pei·
1191 1444 1310 1476 nodum
1339 1445 1575 1476 descendentem
1604 1446 1757 1477 transierit
1785 1453 1816 1477 et
1844 1452 1950 1481 versus

1106 1487 1189 1517 diem
1223 1490 1270 1519 17.
1306 1487 1489 1518 Decembris
1516 1488 1557 1519 ad
1585 1488 1705 1518 nodum
1732 1488 1950 1520 ascendentem

1105 1530 1287 1569 pervenerit,
1307 1529 1441 1571 ideoque
1455 1536 1575 1562 cometa
1589 1531 1720 1562 breviori
1741 1530 1837 1572 quiim
1851 1533 1947 1563 unius

1096 1572 1223 1604 smensis
1236 1574 1406 1610 intervallo,
1429 1579 1531 1604 totum
1546 1574 1678 1613 spatium
1693 1574 1778 1615 quod
1798 1580 1844 1605 est
1865 1573 1948 1605 infr&

1107 1616 1237 1655 planum
1255 1616 1403 1655 eclipticae
1424 1617 1599 1658 trajecisset.
1650 1615 1749 1648 Porro
1764 1622 1850 1648 tanta
1863 1617 1948 1648 velo—

1107 1659 1182 1689 citas
1203 1666 1285 1689 caret
1302 1658 1576 1695 verisimilitudine,
1601 1668 1659 1690 nec
1678 1659 1835 1690 conciliari
1857 1669 1948 1699 posse

1107 1701 1229 1732 videtur
1257 1711 1330 1731 cum
1359 1701 1526 1732 observatis
1553 1701 1650 1743 longo
1678 1703 1825 1741 temporis
1847 1702 1948 1742 spatio

1107 1743 1202 1782 hujus
1217 1750 1344 1774 cometae
1359 1743 1512 1782 motibus3
1535 1744 1587 1775 hic
1602 1744 1687 1775 enim
1700 1750 1946 1775 astronomorum

1105 1785 1204 1815 0811118
1229 1785 1291 1816 cito
1316 1796 1382 1816 sese
1400 1786 1605 1817 subduxisset.
1652 1787 1798 1828 Singulas
1812 1787 1945 1826 explica-

1105 1828 1205 1858 tiones
1218 1838 1288 1868 quie
1302 1828 1335 1857 in
1356 1828 1426 1858 loco
1440 1828 1492 1859 cit.
1512 1829 1659 1860 Monum.
1682 1829 1779 1860 Pan‘s.
1797 1829 1946 1871 leguntur

1105 1880 1283 1909 percurrere
1297 1870 1423 1911 longius
1438 1871 1527 1908 foret,
1543 1871 1615 1902 satis
1629 1872 1687 1902 erit
1695 1871 1807 1902 addere
1820 1882 1872 1902 eas
1885 1873 1944 1903 hoc

1103 1912 1300 1957 potissimum
1319 1914 1381 1943 fine
1395 1914 1582 1966 excogitatas
1595 1914 1690 1945 fnisse
1704 1919 1741 1944 ut
1754 1923 1866 1954 nempe
1880 1925 1943 1946 ser..

1104 1961 1226 1985 118181111-
1256 1961 1288 1986 81
1318 1966 1337 1986 a
1364 1954 1545 1996 gravissima
1561 1957 1739 2009 objectione
1764 1956 1944 1988 liberaretur

1105 1998 1256 2029 vorticum
1271 1999 1465 2048 hypothesis.
1491 1998 1612 2030 Verum
1627 1999 1676 2030 his
1689 1999 1943 2039 explicationibus

1104 2041 1292 2082 caeteroquin
1313 2041 1568 2090 ingeniosissimis
1586 2042 1729 2073 nondum
1743 2048 1847 2073 tamen
1869 2052 1941 2082 pro-

1104 2083 1223 2123 positus
1248 2083 1317 2114 finis
1341 2083 1471 2115 obtineri
1493 2084 1632 2123 videtur;
1655 2085 1735 2116 hanc
1756 2086 1840 2115 enim
1859 2084 1939 2116 diffi-

1102 2126 1250 2157 cultatem
1271 2126 1456 2167 effugientes
1477 2127 1627 2158 vorticum
1641 2128 1773 2168 patroni,
1794 2127 1828 2158 in
1847 2127 1941 2159 aliam

1102 2167 1276 2200 incurrunt.
1323 2170 1490 2208 Oporteret
1513 2170 1666 2210 siquidem
1690 2176 1727 2201 ut
1749 2177 1939 2201 cometarum

1102 2211 1231 2242 vortices
1245 2212 1354 2261 ipsum·
1366 2211 1475 2243 saltem
1491 2212 1628 2244 Telluris
1643 2213 1788 2244 vorticem
1810 2213 1938 2243 interse-

1100 2260 1215 2291 carent,
1231 2254 1315 2295 quod
1330 2255 1396 2286 sine
1410 2255 1560 2286 vorticum
1575 2255 1803 2294 perturbatione
1816 2265 1854 2286 ac
1867 2261 1936 2287 tan-

1099 2296 1171 2326 dem
1180 2297 1386 2328 destructione
1392 2296 1458 2327 fieri
1469 2308 1566 2341 posse
1566 2307 1630 2328 non
1640 2298 1832 2340 intelligitur.
1849 2298 1937 2329 Alias

1099 2339 1284 2379 hypotheses
1298 2339 1455 2371 finxerunt
1468 2340 1532 2370 alii·
1580 2341 1717 2378 Quidam
1732 2347 1868 2372 cometas
1881 2341 1936 2371 ht·

1101 2382 1236 2412 buerunt
1249 2387 1396 2423 tanquam
1419 2383 1557 2421 planetas
1571 2393 1634 2414 non
1648 2382 1731 2414 circa
1747 2383 1851 2414 Solem
1864 2392 1936 2413 noa-

1099 2429 1193 2460 trum,
1210 2425 1264 2455 sed
1278 2425 1359 2455 circa
1372 2426 1468 2455 alium
1483 2425 1568 2456 velut
1582 2432 1723 2457 centrum
1736 2425 1936 2457 revolventen.
1960 2448 1963 2458 2

1102 2466 1257 2497 Nonnulli
1278 2477 1330 2497 eos
1345 2468 1520 2499 habuerunt
1534 2469 1619 2500 velut
1638 2468 1782 2500 satellites
1803 2467 1934 2518 planem

1098 2510 1259 2550 cujusdam
1284 2510 1420 2549 primarii
1445 2511 1479 2541 111
1500 2518 1605 2542 nostro
1630 2511 1743 2542 vortice
1762 2503 1932 2549 constituti,

1097 2552 1151 2593 qui
1166 2559 1268 2584 tamen
1282 2555 1323 2583 ob
1337 2554 1505 2584 maximam
1524 2554 1608 2586 illius
1621 2564 1641 2585 a
1654 2554 1743 2585 nobis
1755 2553 1934 2584 distantiam

1098 2596 1234 2634 conspici
1255 2605 1318 2625 non
1341 2602 1449 2635 potest,
1470 2596 1512 2627 itii
1528 2603 1562 2627 ut
1576 2601 1704 2627 cometae
1717 2605 1772 2627 seu
1788 2596 1933 2627 satellite·

1096 2647 1161 2668 sese
1184 2638 1272 2668 nobis
1295 2637 1446 2669 duntaxat
1464 2638 1646 2679 conspicuos
1665 2640 1832 2678 praebeant,
1853 2638 1934 2671 dum

1095 2680 1128 2710 in
1145 2680 1280 2711 inferiori
1296 2686 1327 2711 et
1344 2681 1478 2712 Telluris
1487 2681 1663 2721 proximiori
1678 2682 1848 2713 orbitarum
1861 2682 1932 2712 sua-

1094 2732 1165 2753 rum
1181 2730 1265 2762 parte
1279 2730 1446 2754 versantur.
1495 2722 1588 2755 Seda
1605 2722 1814 2755 Newtonianii
1827 2732 1932 2755 eome-

1095 2771 1198 2796 tarum
1226 2765 1353 2803 theoria,
1381 2777 1452 2806 quae
1480 2767 1693 2806 phaenomenis
1721 2772 1928 2799 consentanea

1092 2813 1150 2845 est,
1167 2818 1225 2849 neq
1207 2818 1361 2849 quaquam
1376 2818 1433 2839 nos
1446 2817 1601 2839 removere
1615 2809 1729 2840 debent
1747 2809 1931 2850 hypothese-

1094 2850 1157 2880 iiiae
1171 2861 1242 2892 quae
1256 2861 1324 2882 eam
1339 2851 1490 2882 duntaxat
1509 2854 1550 2882 ob
1569 2861 1694 2891 causam
1709 2851 1862 2884 subtiliter
1879 2851 1930 2882 in-

1095 2899 1194 2924 ventae
1216 2902 1290 2924 sunt
1315 2900 1350 2925 ut
1374 2899 1544 2924 servaretur
1568 2894 1718 2926 vorticum
1742 2893 1928 2944 hypothesis,

1093 2945 1186 2976 quam
1212 2936 1281 2966 aliis
1305 2936 1412 2967 multis
1436 2935 1670 2968 difficultatibus
1692 2937 1791 2977 premi

1092 2977 1293 3009 ostendimus.
1343 2979 1497 3009 Caeterum
1510 2979 1660 3020 quidquid
1674 2979 1714 3010 de
1727 2978 1786 3010 11118
1800 2977 1930 3011 materia

1092 3019 1237 3056 diximus,
1254 3027 1286 3051 et
1298 3020 1372 3061 ipsa,
1388 3029 1480 3060 prout
1495 3022 1584 3052 nobis
1598 3022 1699 3052 visum
1713 3028 1768 3059 est,
1790 3021 1833 3052 rei
1848 3022 1926 3052 veri-

1093 3068 1139 3093 tas
1153 3069 1184 3094 et
1198 3069 1476 3094 commentatorum
1497 3063 1638 3095 officium
1652 3075 1671 3095 a
1689 3065 1776 3096 nobis
1789 3063 1926 3105 postula.-

1091 3106 1174 3136 bant.
