2072 3522
237 257 318 298 174
661 248 1115 296 PHILOSOPHIAE
1146 252 1509 330 NATiJRALIS
1540 256 1635 309 [DE
1653 255 1816 300 Mum).
1834 257 1958 302 Srs'r.

237 367 509 424 superiorem,
541 366 720 425 ideoque
747 368 933 410 medium
961 368 1049 423 ejus
1079 367 1259 411 distabat
1286 385 1312 412 a
1341 368 1458 415 stella
1486 368 1557 411 illfi
1579 375 1647 413 20³.
1673 372 1751 415 15'.
1771 380 1958 417 austrum

234 454 391 491 versus,
423 446 465 481 et
493 439 693 480 terminus
724 438 913 494 superior
941 446 1030 480 erat
1059 439 1103 480 in
1127 446 1162 481 ἢ(
1188 444 1285 481 22⁸¹.
1308 455 1404 483 cum
1431 441 1652 484 latitudine
1673 442 1830 486 boreali
1855 449 1958 489 61⁸³..

239 511 295 553 Et
326 511 427 552 hinc
455 510 582 568 longa
601 519 689 552 erat
719 510 852 552 cauda
881 514 978 554 70⁸¹.
1000 510 1175 552 circiter.
1236 511 1341 554 Dec.
1365 517 1434 553 21.
1465 511 1612 554 eadem
1643 515 1839 571 surgebat
1868 514 1956 558 fere
2008 564 2015 574 ἱ

232 587 286 628 ad
306 585 548 628 cathedram
570 584 836 640 Cassiopeiae,
867 585 1082 640 aequaliter
1108 585 1264 626 distans
1285 601 1310 628 a
1327 587 1356 635 β
1375 594 1417 627 et
1438 569 1626 637 Schedir,
1657 595 1700 630 et
1717 587 1955 631 distantiam

232 658 284 699 ab
305 657 482 714 utraque
501 656 713 699 distantiae
729 670 871 698 earum
892 656 945 697 ab
964 656 1141 697 invicem
1161 657 1362 712 aequalem
1382 656 1555 708 habens,
1569 657 1747 714 ideoque
1761 659 1953 702 desinens

231 729 274 771 in
295 737 337 768 φ
360 734 460 771 24⁸¹.
483 743 578 771 cum
609 727 829 770 latitudine
858 730 987 781 4753*-
1062 728 1167 770 Dec.
1191 733 1259 770 29.
1291 728 1423 770 cauda
1443 729 1639 786 tangebat
1661 729 1813 774 Scheat
1832 731 1953 776 sitam

186 839 192 844 ,
230 805 284 847 ad
305 805 526 855 sinistram,
545 811 586 846 et
605 802 870 847 intervallum
891 801 1103 844 stellarum
1118 802 1295 844 duarum
1312 803 1358 845 in
1371 802 1479 858 pede
1494 803 1652 845 boreali
1668 803 1952 846 Andromedae

230 875 421 920 accurate
442 875 689 930 complebat,
712 882 754 916 et
772 874 899 930 longa
920 881 1009 915 erat
1029 878 1141 923 54⁹3
1172 873 1349 930 ideoque
1370 873 1584 916 desinebat
1602 875 1647 916 in
1676 881 1703 916 ὅ
1734 880 1830 918 193‘.
1856 890 1952 917 cum
1979 930 1981 933 .

229 949 448 991 latitudine
480 951 579 990 35⁸¹.
653 946 746 988 Jan.
770 952 808 988 5.
840 946 973 988 cauda
1001 946 1134 1003 tetigit
1163 946 1324 988 stellam
1350 963 1377 987 π
1405 947 1449 988 in
1478 956 1646 1002 pectore
1666 948 1951 990 Andromedae

229 1021 285 1063 ad
304 1021 414 1063 latus
435 1021 522 1076 ejus
544 1019 754 1069 dextrum,
785 1026 828 1060 et
847 1018 1007 1060 stellam
1036 1035 1066 1067 μ
1085 1019 1128 1060 in
1148 1019 1422 1076 ejuscingulo
1443 1019 1497 1060 ad
1516 1012 1623 1061 latus
1644 1020 1852 1062 sinistrum
1867 1036 1894 1070 3>
1909 1029 1969 1062 et-

230 1094 376 1149 (juxta
395 1091 712 1152 *observationes
742 1091 922 1143 nostras)
954 1090 1082 1147 longa
1110 1098 1199 1132 erat
1228 1096 1316 1132 ‘ergr
1327 1107 1339 1140 ;
1371 1105 1497 1133 curva
1523 1100 1660 1133 autem
1681 1101 1770 1135 erat
1790 1101 1832 1134 et
1851 1107 1950 1135 con-

228 1181 335 1208 vexo
369 1166 498 1207 latere
531 1163 745 1219 spectabat
778 1163 833 1204 ad
868 1170 1068 1204 austrum.
1131 1163 1241 1205 Cum
1275 1163 1432 1205 circulo
1463 1178 1540 1219 per
1574 1165 1714 1207 Solem
1745 1173 1788 1206 et
1826 1172 1952 1220 caput

228 1245 400 1279 cometae
421 1243 663 1279 transeunte
682 1234 883 1292 angulum
905 1234 1082 1276 confecit
1100 1233 1308 1291 graduum
1328 1240 1368 1275 4.
1391 1235 1513 1290 juxta
1533 1243 1658 1290 caput
1677 1245 1877 1286 cometae3
1908 1244 1952 1279 at

221 1310 343 1364 juxta
373 1307 598 1350 terminum
618 1306 794 1347 alterum
825 1305 1102 1349 inclinabatur
1123 1305 1177 1346 ad
1198 1305 1399 1346 circulum
1419 1305 1537 1347 illum
1555 1307 1599 1347 in
1619 1307 1773 1364 angulo
1797 1314 1862 1350 10.
1883 1308 1951 1350 vel

231 1387 295 1423 11.
317 1380 539 1437 graduum,
572 1387 613 1420 et
642 1378 801 1421 chorda
821 1377 966 1419 caudae
986 1392 1082 1419 cum
1103 1377 1259 1420 circulo
1278 1377 1350 1419 illo
1370 1379 1608 1421 continebat
1627 1380 1826 1437 angulum
1854 1396 1950 1439 gra-

232 1453 363 1494 duum
393 1458 501 1493 octo.
575 1450 671 1492 Jan.
698 1454 764 1491 13.
795 1448 928 1490 cauda
947 1448 1041 1489 luce
1062 1448 1159 1490 satis
1180 1449 1362 1490 sensibili
1391 1450 1690 1492 terminabatur
1718 1452 1827 1496 inter
1847 1453 1950 1495 Ala-
2005 1505 2009 1509 ι

226 1524 349 1573 mech
378 1532 420 1566 et
449 1522 592 1580 Algol,
624 1530 670 1566 et.
695 1521 788 1566 luce
816 1520 1055 1563 tenuissima
1086 1520 1303 1563 desinebat
1323 1535 1346 1563 e
1366 1522 1536 1579 regione
1557 1522 1687 1564 stellae
1707 1540 1730 1563 κ
1757 1524 1802 1565 in
1820 1524 1953 1568 latere

228 1598 382 1641 Persei.
444 1597 659 1640 Distantia
688 1595 855 1638 termini
886 1594 1030 1636 caudae
1060 1609 1085 1635 a
1114 1593 1268 1637 circulo
1298 1593 1439 1636 Solem
1460 1602 1501 1636 et
1520 1603 1739 1638 cometam'
1747 1597 1951 1654 jungente

226 1681 315 1714 erat
336 1676 404 1714 3⁸¹.
429 1672 509 1712 50'.
532 1677 574 1712 et
592 1669 807 1711 inclinatio
828 1667 1001 1709 chordae
1022 1666 1167 1709 caudae
1187 1667 1240 1709 ad
1260 1667 1462 1711 circulum
1481 1668 1599 1710 illum
1619 1670 1718 1724 85⁸*-
1763 1670 1858 1712 Jan.
1880 1676 1950 1713 25.

227 1751 269 1785 et
289 1748 355 1784 26.
387 1740 520 1783 cauda
548 1740 641 1781 luce
670 1739 788 1781 tenui
814 1738 994 1779 micabat
1024 1738 1077 1779 ad
1106 1738 1410 1795 longitudinem
1439 1739 1648 1796 graduum
1668 1747 1708 1784 6.
1730 1741 1799 1785 vel
1818 1746 1867 1791 73
1908 1749 1951 1785 et
2027 1750 2037 1754 “

225 1824 348 1857 nocte
377 1814 460 1856 una
491 1821 532 1855 et
561 1811 690 1854 altera
723 1819 920 1868 sequente
941 1810 1012 1851 ubi
1033 1810 1185 1852 coelum
1205 1809 1326 1851 valde
1347 1825 1538 1852 serenum
1559 1819 1660 1862 erat,
1682 1812 1775 1855 luce
1790 1813 1950 1855 tenuis·-

226 1888 327 1930 sima
349 1896 390 1929 et
411 1886 628 1944 aegerrime
648 1885 832 1927 sensibili
861 1883 1089 1940 attingebat
1116 1883 1419 1939 longitudinem
1439 1883 1647 1940 graduum
1668 1884 1888 1928 duodecim
1908 1894 1952 1929 et

224 1960 350 2017 paulo
370 1960 492 2002 ultra.
553 1958 826 2015 Dirigebatur
849 1964 988 1998 autem
1008 1957 1098 2011 ejus
1118 1955 1207 1998 axis
1228 1955 1282 1997 ad
1302 1956 1482 1999 lucidam
1501 1957 1546 1998 in
1564 1957 1740 1999 humero
1760 1958 1951 2006 orientali

226 2034 398 2091 Aurigae
419 2031 624 2082 accurate,
656 2031 836 2087 ideoque
855 2029 1091 2072 declinabat
1111 2029 1164 2070 ab
1185 2030 1446 2086 oppositione
1479 2030 1586 2072 Solis
1617 2031 1788 2073 boream
1807 2047 1950 2075 versus

224 2105 266 2145 in
288 2104 444 2161 angulo
470 2103 679 2161 graduum
699 2102 856 2143 decem.
918 2100 1114 2157 Denique
1137 2099 1238 2142 Feb.
1265 2105 1328 2149 10,
1351 2101 1526 2143 caudam
1545 2103 1676 2145 oculis
1696 2103 1863 2146 armatis
1883 2119 1949 2157 as-

224 2177 323 2232 pexi
354 2175 511 2234 gradus
545 2175 657 2216 duos.
685 2174 867 2230 longam.
941 2172 1054 2214 Nam
1087 2171 1162 2214 lux
1192 2171 1394 2226 praedicta
1426 2173 1590 2215 tenuior
1620 2188 1696 2229 per
1729 2174 1833 2227 vitra
1862 2189 1949 2217 non

226 2249 433 2304 apparuit.
497 2246 725 2288 Ponthaeus
746 2253 886 2286 autem
909 2244 1010 2285 Feb.
1029 2247 1067 2287 7.
1090 2258 1134 2285 se
1154 2243 1328 2285 caudam
1348 2243 1402 2285 ad
1422 2243 1722 2301 longitudinem
1740 2245 1949 2302 graduum

106 2304 108 2306 V
158 2309 161 2317 s
178 2336 182 2341 ¹
230 2324 294 2360 12.
318 2318 470 2359 vidisse
490 2317 643 2358 scribit.
707 2315 806 2357 Feb.
830 2320 898 2357 25.
920 2323 961 2356 et
980 2314 1176 2369 deinceps
1197 2322 1357 2357 cometa
1377 2314 1465 2356 sine
1486 2314 1617 2357 cauda
1637 2316 1846 2371 apparuit.

284 2389 445 2431 Orbem
469 2389 558 2444 jam
586 2387 843 2442 descriptum
874 2385 1077 2441 spectanti
1098 2393 1142 2426 et.
1158 2385 1318 2441 reliqua
1337 2394 1510 2428 cometoe
1530 2386 1652 2442 hujus
1671 2386 1949 2442 phaenomena

225 2463 271 2504 in
301 2462 441 2504 animo
471 2461 711 2510 revolventi,
742 2459 856 2501 haud
877 2459 1096 2500 difficulter
1117 2459 1333 2509 constabit,
1366 2460 1480 2515 quod
1499 2474 1674 2515 corpora
1694 2467 1948 2502 cometarum

227 2541 324 2576 sunt
344 2533 488 2584 solida,
520 2539 751 2588 compacta,
784 2531 870 2572 fixa
890 2545 938 2571 ac
959 2529 1165 2572 durabilia
1185 2529 1237 2572 ad
1267 2529 1396 2572 instar
1417 2545 1640 2586 corporum
1667 2530 1944 2586 planetarum.

228 2608 341 2650 Nam
362 2607 397 2648 si
417 2606 522 2648 nihil
550 2605 664 2647 aliud
694 2612 830 2647 essent
852 2603 978 2660 quam
997 2618 1173 2659 vapores
1193 2604 1259 2646 vel
1279 2604 1562 2647 exhalationes
1583 2605 1744 2656 Terrae,
1779 2605 1887 2648 Solis
1906 2614 1948 2654 et

227 2680 500 2735 planetarum,
533 2687 694 2722 cometa
713 2678 830 2719 hicce
860 2677 902 2717 in
922 2677 1097 2719 transitu
1118 2691 1195 2719 suo
1223 2692 1300 2732 per
1327 2677 1519 2720 viciniam
1542 2677 1649 2719 Solis
1670 2677 1807 2720 statim
1827 2677 1947 2722 dissi:-

227 2753 319 2807 pari
340 2752 560 2794 debuisset.
624 2751 701 2793 Est
720 2750 831 2792 enim
851 2749 964 2791 calor
987 2749 1094 2793 Solis
1116 2757 1162 2791 ut
1181 2749 1393 2792 radiorum
1414 2749 1605 2800 densitas,
1634 2748 1715 2792 hoc
1735 2757 1809 2801 est,
1841 2750 1946 2793 reci«

228 2823 356 2878 proce
388 2830 434 2864 ut
462 2822 711 2880 quadratum
742 2823 947 2865 distantiae
977 2824 1166 2867 locorum
1195 2840 1220 2865 a
1253 2823 1360 2866 Sole.
1421 2823 1606 2880 Ideoque
1633 2822 1727 2866 etim
1754 2825 1949 2869 distantia

230 2904 403 2937 cometae
432 2911 457 2937 a
487 2904 630 2938 centro
662 2896 770 2939 Solis
801 2897 1002 2939 Decemb.
1027 2904 1065 2940 8.
1089 2898 1159 2939 ubi
1186 2899 1229 2939 in
1255 2897 1457 2953 perihelio
1485 2899 1738 2948 versabatur,
1767 2906 1876 2940 esset
1893 2897 1948 2940 ad

229 2968 469 3010 distantiam
501 2968 649 3011 Terrae
680 2984 705 3011 a
733 2977 876 3011 centro
909 2970 1018 3012 Solis
1050 2978 1096 3011 ut
1118 2976 1143 3012 6
1166 2970 1223 3011 ad
1247 2975 1356 3012 1000
1377 2970 1550 3021 circiter,
1573 2970 1686 3012 calor
1708 2970 1816 3012 Solis
1835 2969 1966 3024 apud

231 3048 435 3082 cometam
468 3055 519 3082 eo
546 3048 736 3096 tempore
764 3048 851 3081 erat
881 3040 933 3082 ad
963 3041 1143 3082 calorem
1167 3040 1275 3082 Solis
1294 3041 1425 3081 aestivi
1452 3041 1564 3095 apud
1586 3056 1660 3082 nos
1684 3049 1727 3083 ut
1750 3046 1947 3084 1000000

230 3112 285 3155 ad
307 3118 374 3163 36,
397 3127 469 3154 seu
490 3117 629 3155 28000
651 3112 705 3155 ad
729 3118 763 3155 1.
823 3112 907 3155 Sed
929 3113 1042 3155 calor
1062 3127 1181 3170 aquae
1201 3112 1436 3154 ebullientis
1456 3121 1517 3155 est
1536 3113 1653 3170 quasi
1673 3112 1798 3168 triplo
1816 3114 1948 3169 major

2063 3189 2067 3205 —-
2055 3048 2072 3168 -i-d-—xuss
2056 2647 2072 3035 m Qffin....2-m.1
2071 2621 2072 2624 „
2067 2585 2072 2599 ..
2064 2515 2070 2529 a*
