2072 3522
199 277 284 314 126

196 387 415 445 colligitur.

616 272 1068 317 PHILOSOPHIAE
1100 271 1461 318 NATURALIS
1491 276 1586 328 [DE
1606 276 1768 319 Mum).
1784 276 1906 319 Svsvr.

478 389 610 431 Sunto
639 397 681 428 ‘v'
705 389 749 438 Q
769 389 823 439 A,
855 396 896 426 ‘Y'
920 388 964 437 Q
986 388 1037 438 B,
1069 394 1110 426 ‘V’
1134 388 1177 438 Q
1199 389 1236 431 C
1265 390 1493 432 observatae
1517 398 1600 432 tres
1629 390 1911 447 longitudines

196 467 367 501 cometae
397 459 475 501 sub
503 460 621 502 initio
648 459 798 511 motus,
830 460 965 516 sitque
989 466 1030 498 ‘Y’
1055 459 1099 509 Q
1121 459 1156 501 F
1184 459 1402 518 longitudo
1419 460 1566 503 ultime>
1585 462 1812 512 observata,
1834 462 1908 503 ubi

195 538 356 571 cometa
383 530 513 572 videri
541 531 705 572 desinit.

767 530 816 586 (⁸)
840 531 1004 587 Agatur
1031 537 1144 572 recta
1165 530 1207 573 A
1230 531 1268 574 B
1291 531 1341 583 C,
1367 533 1482 588 cujus
1502 540 1639 588 partes
1659 533 1699 574 A
1723 533 1774 583 B,
1808 532 1846 574 B
1869 532 1907 574 C

194 600 316 642 rectis
338 599 381 651 Q
400 600 442 642 A
461 608 503 643 et
523 601 567 652 Q
589 601 640 653 B,
668 600 711 651 Q
733 600 771 643 B
792 608 833 644 et
854 601 896 650 Q
920 600 957 642 C
985 601 1114 642 inter-

166 680 175 690 *
187 671 324 726 jectae,
357 671 437 714 sint
455 672 510 714 ad
531 672 706 714 invicem
726 680 774 714 ut
792 680 980 727 tempora
1005 673 1113 714 inter

852 743 1114 786 Producatur

195 742 501 786 observationes
520 753 603 786 tres
623 745 791 799 primas.

1219 662 1319 695 GF
1527 663 1557 696 C
1644 664 1676 693 B
1812 665 1852 697 A

197 813 450 865 ACadG,
481 814 1112 856 utsitAGadAButtem-

193 898 273 941 pus
293 886 401 928 inter
417 887 747 929 observationem
765 886 943 942 primam
957 894 1000 928 et
1018 887 1113 928 ulti·
1859 907 1892 943 γ

147 971 151 978 ·
193 972 308 1000 mam
342 960 397 1001 ad
435 967 600 1014 tempus
639 959 747 1001 inter
786 959 1115 1001 observationem

195 1029 374 1084 primam
385 1023 436 1072 'et
455 1029 692 1081 secundam,
715 1038 757 1071 et
769 1030 971 1086 jungatur
991 1030 1034 1080 Q
1056 1030 1111 1072 G.

1576 1068 1610 1103 Q

196 1101 254 1143 Et
284 1102 319 1143 si
348 1110 509 1144 cometa
526 1109 763 1143 moveretur
782 1101 1042 1143 uniformiter
1070 1102 1114 1143 in

191 1172 302 1214 linefi
324 1172 449 1224 tecta,
481 1181 604 1229 atque
625 1173 762 1214 Terra
787 1173 851 1214 vel
883 1173 1124 1229 quiesceret,
1154 1173 1219 1215 vel
1245 1174 1369 1216 etiam
1388 1175 1432 1216 in
1451 1168 1561 1217 lineae'i
1581 1175 1691 1217 rect&
1713 1175 1906 1219 uniformi

193 1263 289 1290 cum
317 1257 434 1291 motu
458 1248 799 1317 *prpgrederetun
832 1248 940 1291 foret
968 1249 1144 1306 angulus
1174 1257 1216 1287 ‘v'
1240 1250 1284 1299 Q
1304 1250 1348 1292 G
1376 1250 1594 1307 longitudo
1614 1258 1785 1293 cometae
1805 1258 1911 1292 tem-

192 1334 297 1374 pore
326 1319 622 1361 observationis
651 1319 821 1361 ultimae.
882 1319 1075 1375 Angulus
1106 1319 1232 1376 igitur
1266 1320 1302 1362 F
1331 1320 1374 1370 Q
1406 1321 1461 1371 G,
1499 1322 1571 1378 qui
1601 1320 1910 1378 longitudinum

193 1390 424 1432 differentia
453 1398 527 1441 est,
559 1390 690 1431 oritur
720 1390 773 1431 ab
802 1390 1080 1446 inaequalitate
1109 1398 1297 1432 motuum
1327 1399 1498 1433 cometae
1524 1407 1573 1434 ac
1602 1392 1760 1433 Terrae.
1822 1391 1911 1432 Hic

194 1472 333 1505 autem
352 1464 543 1521 angulus,
567 1464 602 1505 si
622 1464 758 1505 Terra
778 1471 819 1505 et
838 1471 1003 1505 cometa.
1017 1464 1061 1504 in
1082 1463 1305 1517 contrarias
1325 1472 1462 1519 partes
1482 1471 1713 1514 moventur,
1745 1463 1912 1505 additur
1949 1509 1957 1513 χ

192 1534 346 1590 angulo
367 1542 408 1572 ‘Y'
433 1534 475 1583 Q
497 1534 553 1584 G,
586 1542 628 1575 et
647 1534 705 1575 sic
725 1541 884 1575 motum
905 1542 1175 1589 apparentem
1195 1542 1367 1576 cometae
1387 1535 1635 1576 velociorem
1655 1534 1815 1576 reddit:
1847 1534 1911 1575 sin

191 1614 355 1647 cometa
369 1606 508 1663 pergit
526 1606 569 1646 in
590 1606 754 1647 easdem
775 1613 913 1659 partes
934 1620 1030 1647 cum
1053 1604 1200 1657 Terrfi,
1226 1606 1360 1647 eidem
1381 1606 1637 1656 subducitur,
1669 1613 1911 1661 motumque

195 1686 369 1719 cometae
397 1678 463 1719 vel
492 1677 715 1719 tardiorem
736 1676 886 1727 reddit,
917 1677 982 1718 vel
1001 1676 1107 1722 forte
1127 1677 1440 1734 retrogradum3
1473 1677 1524 1733 (b)
1546 1677 1607 1718 uti
1635 1676 1763 1718 modo
1782 1691 1911 1731 expo-

194 1749 270 1789 sui.
332 1748 480 1790 Oritur
505 1748 631 1804 igitur
653 1747 722 1788 hic
742 1746 917 1802 angulus
946 1745 1156 1801 praecipue
1178 1761 1230 1788 ex
1250 1756 1365 1788 motu
1387 1747 1546 1799 Terrae,
1579 1754 1621 1788 et
1647 1746 1803 1788 idcirco
1830 1761 1910 1801 pro

194 1817 399 1873 parallaxi
419 1825 592 1859 cometae
612 1815 759 1858 merito
778 1815 995 1857 habendus
1016 1823 1089 1867 est,
1121 1816 1312 1873 neglecto
1329 1816 1520 1859 videlicet
1538 1817 1624 1873 ejus
1653 1817 1910 1859 incremento

191 1952 212 1972 n
227 1942 302 1985 -{-r.
343 1941 508 1983 Estigitur
523 1941 563 1973 M
578 1941 659 1973 Oad
674 1939 1021 1983 OKutradm4n.

196 1986 312 2024 Quare,
335 1984 502 2016 dividendo
515 1991 547 2016 et
560 1995 599 2017 ει
613 1994 709 2027 aequo,
732 1990 794 2015 tres
806 1990 897 2015 rectae
919 1983 958 2014 M
977 1983 1019 2021 O,

205 2922 235 2953 Ο
253 2923 297 2960 Ν,
321 2922 355 2954 N
371 2922 417 2959 K,
439 2926 513 2953 sunt
532 2920 567 2952 in
587 2918 696 2952 eadem
710 2919 828 2951 ratione
842 2930 913 2952 cum
929 2921 1026 2952 tribus

198 2964 421 3005 quantitatibus
435 2974 478 3001 m,
494 2974 526 3001 n,
542 2973 566 2994 r.
614 2963 704 2994 Idem
719 2962 754 2993 fit
768 2963 1026 3003 trigonometrice.

200 3006 285 3037 Nam
308 3013 459 3037 rectarum
484 3013 616 3047 quatuor
638 3005 777 3036 daturum
807 3006 840 3040 Q
866 3006 907 3043 A,
932 3006 966 3042 Q
985 3007 1023 3042 B,

201 3048 232 3079 R
251 3049 290 3085 B,
311 3049 341 3078 R
355 3049 397 3086 D,
414 3049 528 3079 dantur
542 3048 769 3079 intel-sectiones
783 3057 890 3078 omnes
904 3059 938 3078 ac
954 3058 1026 3087 pro-

196 3089 271 3121 inde
289 3096 379 3120 rectae
403 3091 435 3127 Q
451 3091 491 3128 B,
511 3091 543 3121 D
562 3090 601 3126 B,
623 3091 653 3121 R
670 3091 709 3126 B,
730 3090 758 3120 Β
777 3091 817 3126 Α,
837 3090 868 3120 R
886 3091 929 3127 D,
952 3096 1026 3120 sunt

197 3132 413 3174 magnitudine
427 3132 516 3163 datae.
559 3131 714 3163 Praeterea
723 3131 836 3163 dantur
847 3132 940 3164 etiam
958 3133 986 3164 Β
1000 3133 1027 3164 F

1081 1944 1113 1971 et
1128 1941 1157 1972 B
1173 1941 1214 1978 G,
1230 1941 1337 1981 utpote
1348 1942 1494 1973 habentes
1502 1942 1605 1973 datam
1618 1942 1768 1973 rationem
1779 1942 1818 1973 ad
1832 1943 1861 1974 B
1873 1943 1908 1974 D

1080 1990 1111 2014 et
1135 1986 1166 2015 R
1184 1985 1226 2015 A.
1268 1984 1343 2016 Jam
1357 1983 1429 2015 vero
1442 1985 1474 2014 in
1490 1984 1648 2026 triangulo
1672 1986 1704 2016 R.
1722 1985 1751 2016 B
1769 1985 1806 2022 F,
1829 1985 1909 2016 datis

1079 2026 1224 2058 lateribus
1249 2026 1280 2058 B
1310 2027 1352 2064 R,
1379 2027 1408 2058 B
1437 2027 1474 2064 F,
1499 2037 1572 2058 cum
1596 2027 1719 2068 angulo
1739 2027 1908 2067 intercepto

1082 2070 1156 2101 RB
1181 2070 1216 2118 Is,
1244 2069 1358 2122 dantur
1378 2068 1460 2100 latus
1485 2070 1516 2101 R
1534 2070 1561 2101 F
1581 2076 1613 2100 et
1633 2069 1769 2111 angulus
1790 2070 1822 2101 R
1835 2069 1863 2101 F
1877 2070 1906 2101 B

1078 2111 1283 2185 ffimpfiggdien
1304 2112 1529 2195 ἓέιῗέὤῖπὲ
1541 2112 1907 2192 BangzlhdztisQlagrffiusI-I·
1925 2147 1927 2149 ¹

1080 2197 1115 2233 Q
1129 2198 1169 2235 B,
1188 2197 1216 2228 Β
1236 2198 1277 2235 G,
1293 2203 1325 2228 et
1338 2197 1455 2238 angulo
1472 2198 1505 2234 Q
1520 2198 1549 2228 B
1570 2197 1610 2235 G,
1634 2197 1758 2228 dabitur
1770 2197 1907 2238 angulus

1080 2240 1110 2270 B
1128 2241 1162 2276 Q
1177 2240 1206 2271 G
1220 2250 1229 2277 ς
1252 2239 1346 2280 quare
1361 2240 1393 2269 in
1409 2239 1564 2280 triangulo
1579 2241 1609 2276 Q
1627 2239 1654 2271 F
1671 2239 1719 2277 H,
1733 2238 1813 2270 datis
1826 2239 1906 2270 duo-

1076 2283 1136 2313 bus
1149 2283 1273 2323 angulis
1290 2283 1324 2318 Q
1339 2283 1366 2313 F
1382 2282 1429 2319 H,
1456 2283 1482 2313 F
1500 2283 1533 2317 Q
1548 2283 1594 2319 H,
1617 2292 1691 2313 cum
1704 2282 1798 2312 latere
1815 2283 1849 2318 Q
1866 2282 1903 2319 F,

1076 2325 1162 2366 quod
1183 2331 1228 2355 est
1249 2335 1371 2355 summa
1393 2325 1439 2355 vel
1461 2324 1632 2355 differentia
1650 2330 1804 2355 rectarum
1817 2324 1906 2356 data-

1076 2377 1147 2397 rum
1165 2368 1198 2403 Q
1210 2368 1251 2408 B,
1271 2368 1304 2403 Q
1316 2367 1343 2398 F
1357 2367 1525 2398 innotescet
1539 2367 1619 2398 latus
1637 2367 1728 2403 QH.
1763 2366 1904 2398 Tandem

1076 2409 1111 2439 in
1125 2409 1281 2450 triangulo
1298 2410 1332 2445 Q
1347 2410 1382 2440 H
1400 2410 1447 2445 M,
1470 2409 1543 2440 dato
1557 2409 1675 2450 angulo
1691 2409 1727 2440 H
1746 2409 1780 2445 Q
1795 2409 1836 2440 M
1848 2409 1903 2449 qui

1077 2457 1123 2482 est
1144 2462 1267 2482 summa
1287 2451 1336 2481 vel
1357 2451 1529 2483 differentia
1550 2458 1694 2482 notorum
1715 2451 1903 2492 angulorum

1079 2495 1109 2525 B
1128 2495 1161 2530 Q
1178 2496 1217 2530 A,
1244 2495 1278 2524 Η
1299 2495 1332 2530 Q
1347 2494 1387 2531 B,
1405 2494 1537 2534 datoque
1548 2493 1668 2535 angulo
1686 2494 1719 2530 Q
1733 2494 1773 2524 M
1791 2494 1825 2524 H
1848 2493 1902 2535 qui

1077 2536 1203 2577 aequalis
1218 2543 1263 2567 est
1277 2536 1394 2577 angulo
1409 2537 1480 2567 dato
1503 2537 1536 2572 Q
1553 2537 1580 2567 A
1597 2537 1636 2573 B,
1660 2536 1815 2576 simulque
1829 2542 1904 2567 noto

1077 2579 1171 2610 latere
1198 2580 1231 2615 Q
1254 2580 1299 2616 H,
1323 2579 1515 2609 innotescent
1539 2579 1634 2608 latera.
1660 2578 1695 2608 H
1718 2578 1768 2617 M,
1799 2578 1833 2614 Q
1851 2578 1901 2609 M.

1080 2622 1179 2652 Simili
1201 2631 1325 2660 prorsus
1345 2621 1438 2652 modo
1459 2621 1653 2651 invenientur
1676 2620 1771 2650 latera
1799 2621 1830 2652 R
1857 2620 1903 2659 K,

1080 2664 1116 2694 H
1135 2664 1179 2702 K,
1203 2664 1235 2693 in
1258 2664 1414 2705 triangulo
1439 2663 1470 2694 R
1487 2663 1521 2694 K
1538 2663 1585 2693 H.
1633 2662 1738 2704 Igitur
1758 2662 1792 2693 in
1806 2663 1904 2694 trian-

1077 2706 1154 2748 gulo
1177 2706 1215 2736 M
1233 2707 1267 2736 H
1286 2706 1329 2743 K,
1352 2705 1433 2737 notis
1454 2705 1598 2736 lateribus
1621 2705 1656 2736 H
1674 2705 1724 2742 M,
1750 2705 1786 2736 H
1804 2705 1849 2743 K,
1872 2711 1904 2737 et

1078 2748 1195 2790 angulo
1209 2748 1378 2788 intercepto
1401 2748 1438 2778 M
1457 2747 1492 2778 H
1511 2747 1554 2785 K,
1577 2747 1630 2788 qui
1646 2747 1771 2789 aequalis
1784 2753 1830 2778 est
1848 2756 1904 2778 an-

1078 2791 1154 2833 gulo
1168 2790 1239 2821 dato
1256 2792 1287 2822 A
1305 2792 1333 2822 B
1351 2791 1390 2827 Q,
1413 2789 1603 2821 innotescent
1617 2790 1724 2831 anguli
1749 2790 1784 2821 H
1801 2790 1841 2821 Μ
1858 2788 1904 2827 Κ,

1081 2834 1117 2864 H
1136 2834 1170 2864 K
1188 2833 1226 2863 M
1248 2840 1279 2864 et
1299 2833 1378 2863 basis
1400 2833 1438 2863 M
1457 2832 1501 2863 K.
1551 2833 1642 2864 Datis
1661 2839 1765 2863 autem
1780 2832 1905 2874 angulis

1081 2876 1118 2907 H
1135 2877 1173 2907 M
1192 2878 1234 2913 Q,
1260 2876 1296 2906 H
1314 2876 1352 2905 M
1371 2875 1414 2910 K,
1437 2874 1560 2906 dabitur
1578 2876 1693 2906 horum
1713 2885 1836 2905 summa
1856 2873 1905 2905 vel

1079 2919 1252 2950 differentia.
1269 2918 1302 2954 Q
1317 2917 1354 2948 M
1374 2917 1417 2954 K,
1440 2918 1498 2948 hoc
1511 2924 1557 2948 est
1571 2918 1681 2957 positio
1695 2923 1787 2948 rectoe
1802 2917 1840 2948 Μ
1858 2916 1904 2954 K,

1080 2963 1119 2992 ob
1133 2968 1246 2992 rectam
1265 2962 1298 2996 Q
1309 2960 1357 2996 M,
1374 2959 1523 2998 positione
1538 2961 1649 2991 datam.
1698 2959 1798 2991 Simili
1811 2958 1906 2989 modo

1081 3010 1169 3035 rectoe
1195 3004 1227 3040 Q
1243 3003 1285 3039 O,
1311 3003 1342 3033 R
1359 3003 1400 3038 N.
1428 3003 1459 3033 R
1477 3003 1509 3034 K
1533 3010 1563 3033 et
1585 3001 1692 3042 anguli
1713 3011 1790 3042 quos
1813 3002 1850 3032 M
1870 3001 1904 3032 K

1079 3056 1152 3077 cum
1164 3046 1210 3076 bis
1220 3045 1308 3076 rectis
1318 3045 1418 3078 efficit„
1432 3045 1682 3086 trigonometrice
1693 3043 1902 3076 inveniuntur.

1124 3088 1168 3129 (¹)
1187 3091 1203 3108 ¹*
1223 3091 1346 3127 Agatur
1360 3094 1441 3119 recta
1458 3091 1488 3118 A
1504 3090 1535 3120 B
1553 3090 1584 3120 C.
1631 3086 1737 3128 (129.)

1123 3131 1168 3173 (”)
1186 3133 1204 3151 “’
1227 3130 1380 3177 Utimodb
1395 3132 1522 3172 exposui.
1565 3129 1673 3172 (128.)
