2072 3522
141 267 290 311 rum
311 265 553 317 Tannus]
588 263 909 308 PRINCIPIA
940 250 1434 306 MATHEMATICA.
1775 272 1856 310 183

135 382 367 424 illustrante
395 379 519 437 quam
549 380 603 422 ab
622 379 752 422 oculis
771 379 924 421 nostris
953 379 1191 422 distantiam
1219 379 1353 421 videri
1382 378 1516 421 desiit.
1555 373 1707 423 ⁴Unde
1733 382 1858 424 etiam
1922 428 1927 434 ¹

137 454 285 497 caudae
311 462 566 495 cometarum
594 453 783 509 aliorum,
818 467 913 509 quae
930 453 1078 494 breves
1099 460 1210 503 sunt,
1241 467 1328 494 non
1349 453 1579 495 ascendunt
1596 462 1715 496 motu
1735 455 1860 497 celeri

137 535 181 569 et
209 526 413 583 perpetuo
441 543 468 568 a
497 526 699 583 capitibus
729 534 771 568 et
798 541 900 567 mox
923 533 1188 577 evanescunt,
1211 526 1287 568 sed
1306 534 1403 568 sunt
1422 535 1712 582 permanentes
1731 543 1859 584 vapo-

137 613 232 640 rum
259 607 302 641 et
330 598 640 647 exhalationum
669 597 888 648 columnae,
920 613 946 640 a
973 597 1177 654 capitibus
1203 587 1433 638 lentissimo
1451 597 1678 639 multorum
1697 598 1860 640 dierum

136 677 254 711 motu
273 676 528 727 propagatae,
560 660 678 725 quae,v
697 668 988 724 participando
1006 676 1167 710 motum
1186 668 1305 710 illum
1326 668 1510 723 capitum
1530 683 1655 724 quem
1674 668 1859 711 habuere

138 742 216 783 sub
236 742 366 792 initio,
384 757 464 797 per
483 741 611 783 coelos
630 740 714 783 una
733 756 828 783 cum
849 741 1052 797 capitibus
1067 741 1225 783 moveri
1244 749 1440 798 pergunt.
1501 741 1551 796 (ἓ)
1574 741 1631 783 Et
1648 741 1747 782 hinc
1766 755 1860 782 rur-

138 829 208 856 sus
238 815 447 872 colligitur
476 815 608 870 spatia
637 814 821 856 coelestia
845 815 887 855 vi
915 814 1133 857 resistendi
1153 814 1346 864 destitui3
1376 822 1522 870 utpote
1541 814 1585 855 in
1605 815 1753 871 quibus
1772 829 1860 871 non

138 886 272 927 solum
302 885 434 927 solida
462 879 723 940 planetarum
743 893 784 926 et
804 892 1059 927 cometarum
1086 899 1276 941 corpora,
1308 885 1381 927 sed
1401 886 1525 927 etiam
1545 886 1743 927 rarissimi
1762 900 1858 927 cau·
1892 903 1899 907 ·

137 957 286 998 darum
312 971 486 1011 vapores
514 962 653 997 motus
671 970 768 997 suos
788 955 1069 998 velocissimos
1094 955 1306 998 liberrime
1334 965 1542 1014 peragunt
1560 971 1610 999 ac
1629 956 1858 1000 diutissime

136 1035 398 1070 conservant.

195 1102 430 1142 Ascensum
447 1098 674 1140 caudarum
695 1112 748 1140 ex
767 1097 1056 1154 atmosphaeris
1077 1098 1259 1154 capitum
1279 1107 1322 1140 et
1349 1113 1618 1157 progressum
1647 1101 1691 1142 in
1718 1109 1859 1157 partes

137 1188 163 1213 a
185 1172 282 1214 Sole
301 1186 464 1214 aversas
487 1171 696 1227 Keplerus
725 1171 892 1213 ascribit
921 1171 1074 1213 actioni
1102 1171 1317 1213 radiorum
1344 1172 1450 1214 lucis
1469 1174 1687 1215 materiam
1713 1174 1860 1216 caudae

139 1258 280 1285 secum
314 1242 578 1299 rapientium.
638 1243 696 1286 Et
728 1258 874 1285 auram
906 1243 1037 1301 longe
1070 1245 1357 1286 tenuissimam
1390 1246 1436 1287 in
1467 1247 1608 1302 spatiis
1639 1247 1860 1289 liberrimis

98 1321 111 1333 ⁰
138 1317 292 1359 actioni
319 1316 534 1358 radiorum
563 1315 724 1367 cedere,
757 1314 808 1372 (s)
829 1330 916 1357 non
945 1325 1008 1357 est
1036 1332 1062 1357 a
1090 1316 1251 1358 ratione
1270 1331 1442 1372 prorsus
1463 1318 1657 1370 alienum,
1679 1333 1765 1360 non
1784 1319 1860 1362 ob-

139 1396 274 1430 stante
289 1388 403 1445 quod
423 1387 663 1430 substantiae
682 1401 832 1429 crassae
850 1387 1174 1442 impeditissimis
1193 1386 1238 1428 in
1258 1388 1498 1444 regionibus
1516 1389 1670 1430 nostris
1689 1404 1715 1431 a
1733 1389 1861 1432 radiis

141 1461 251 1504 Solis
281 1461 529 1520 sensibiliter
560 1459 739 1517 propelli
772 1467 991 1517 nequeant.
1054 1459 1175 1502 Alius
1212 1461 1437 1516 particulas
1471 1469 1558 1502 tam
1590 1461 1701 1502 leves
1734 1460 1860 1517 quam

137 1548 285 1591 graves
315 1533 406 1576 dari
432 1547 556 1589 posse
576 1532 796 1584 existimat,
827 1540 870 1574 et
886 1532 1103 1574 materiam
1122 1533 1351 1574 caudarum
1369 1534 1553 1584 levitate,
1584 1548 1741 1590 perque
1760 1533 1861 1575 levi—

139 1615 267 1649 tatem
286 1622 404 1649 suam
423 1622 449 1648 a
471 1606 568 1650 Sole
588 1606 823 1648 ascendere.
875 1605 986 1648 Cum
1000 1614 1139 1648 autem
1158 1607 1339 1664 gravitas
1360 1622 1584 1663 corporum
1603 1607 1862 1650 terrestrium

138 1679 192 1723 sit
212 1686 260 1722 ut
277 1678 452 1720 materia
471 1678 514 1719 iu
536 1677 792 1733 corporibus,
813 1676 1170 1734 ideoqueservata
1190 1679 1419 1735 quantitate
1436 1680 1622 1721 materiae
1640 1680 1801 1722 intendi
1819 1688 1862 1722 et

137 1756 292 1797 remitti
320 1760 515 1811 nequeat,
536 1752 724 1808 suspicor
748 1765 967 1793 ascensum
994 1751 1114 1793 illum
1133 1766 1187 1793 ex
1205 1751 1477 1795 rarefactione
1502 1754 1688 1795 materiae
1707 1754 1861 1796 cauda-

138 1841 232 1868 rum
258 1824 399 1882 potius
428 1825 541 1867 oriri.
602 1822 807 1866 Ascendit
833 1822 971 1864 fumus
1000 1823 1044 1863 in
1075 1823 1238 1864 camino
1257 1823 1441 1879 impulsu
1460 1825 1568 1866 ae'ris
1589 1825 1656 1885 cui
1684 1825 1860 1867 innatat.

140 1900 229 1940 Αὲι·
255 1899 328 1941 ille
355 1913 433 1954 per
462 1898 645 1940 calorem
663 1895 887 1938 rarefactus
907 1896 1106 1946 aseendit,
1137 1897 1192 1938 ob
1212 1896 1459 1939 diminutam
1478 1913 1596 1940 suam
1615 1899 1861 1954 gravitatem

139 1970 391 2024 specificam,
413 1976 456 2010 et
474 1968 637 2009 fumum
655 1966 916 2022 implicatum
933 1967 1045 2021 rapit
1063 1981 1217 2008 secum.
1278 1968 1441 2017 Quidni
1460 1970 1594 2011 cauda
1613 1977 1787 2011 cometae
1806 1969 1862 2011 ad

138 2039 320 2081 eundem
338 2038 513 2080 modum
533 2036 766 2079 ascenderit
785 2051 810 2079 a
833 2035 964 2079 Sole?
996 2036 1108 2079 Nam
1126 2038 1234 2080 radii
1253 2039 1407 2081 solares
1427 2055 1512 2082 non
1532 2041 1690 2097 agitant
1708 2041 1860 2091 media,

139 2125 234 2168 quae
253 2117 484 2166 permeant,
506 2108 586 2151 nisi
605 2108 650 2149 in
669 2107 895 2150 reflexione
914 2116 956 2149 et
974 2107 1232 2151 refractione.
1296 2110 1517 2152 Particulae
1536 2111 1792 2152 reflectentes
1812 2111 1861 2153 ea

142 2185 305 2226 actione
325 2185 534 2227 calefactae
555 2186 794 2229 calefacient
812 2186 1193 2229 auramaetheream
1212 2186 1279 2227 cui
1298 2185 1575 2240 implicantur.
1625 2183 1704 2225 Illa
1724 2183 1862 2225 calore

141 2260 221 2302 sibi
251 2260 562 2302 communicato.
586 2261 772 2313 rarefiet5
797 2270 839 2303 et
865 2261 921 2303 ob
950 2260 1196 2303 diminutam
1225 2258 1274 2301 ea
1293 2259 1460 2300 raritate
1479 2257 1724 2315 gravitatem
1744 2271 1861 2298 suam

142 2332 395 2387 specificam,
427 2332 508 2388 qua
537 2333 655 2389 prius
675 2334 872 2377 tendebat
891 2335 934 2376 in
958 2334 1110 2384 Solem,
1139 2332 1332 2375 ascendet
1351 2324 1395 2373 et
1412 2346 1552 2373 secum
1571 2331 1706 2386 rapiet
1731 2330 1862 2386 parti-

141 2408 254 2450 culas
287 2409 545 2451 reflectentes
579 2424 633 2452 ex
667 2410 816 2467 quibus
845 2410 978 2452 cauda
1006 2409 1292 2464 componitur:
1330 2406 1385 2448 ad
1414 2420 1631 2448 ascensum
1657 2409 1861 2460 vaporum

141 2479 336 2521 conducit
365 2480 502 2531 etiam,
533 2481 647 2537 quod
675 2481 721 2522 hi
748 2490 950 2539 gyrantur
977 2482 1089 2523 circa
1119 2481 1259 2523 Solem
1289 2487 1333 2521 et
1358 2477 1406 2520 ea
1433 2479 1594 2520 actione
1614 2486 1818 2520 conantur
1837 2492 1862 2518 a

146 2550 244 2592 Sole
261 2550 470 2602 recedere,
492 2559 535 2592 at
556 2552 664 2594 Solis
683 2553 962 2608 atmosphaera
981 2561 1022 2594 et
1041 2551 1213 2594 materia
1232 2550 1434 2593 coelorum
1446 2550 1514 2592 vel
1532 2548 1657 2605 plane
1674 2548 1858 2606 quiescit,

143 2620 210 2662 vel
227 2630 345 2664 motu
364 2622 454 2664 solo
474 2637 599 2678 quem
619 2638 644 2664 a
665 2623 773 2666 Solis
793 2624 998 2667 rotatione
1018 2622 1235 2679 acceperit,
1258 2620 1416 2664 tardius
1434 2629 1619 2678 gyratur.
1662 2621 1750 2662 Hae
1765 2629 1863 2662 sunt

144 2706 281 2734 causae
309 2692 504 2735 ascensus
534 2694 763 2736 caudarum
791 2695 834 2736 in
865 2695 1013 2737 vicinia
1045 2694 1173 2749 Solis,
1198 2694 1272 2736 ubi
1301 2694 1422 2736 orbes
1451 2693 1660 2734 curviores
1680 2701 1790 2743 sunt,
1820 2700 1864 2734 et

145 2771 319 2805 cometae
338 2764 447 2806 intra
465 2765 702 2808 densiorem
721 2774 765 2808 et
782 2766 830 2807 ea
860 2767 1020 2808 ratione
1038 2766 1272 2824 graviorem
1295 2765 1403 2808 Solis
1423 2755 1744 2820 atmosphaeram
1763 2778 1862 2806 con-

145 2835 310 2884 sistunt,
341 2843 384 2877 et
411 2836 564 2879 caudas
594 2835 719 2893 quam
745 2833 1007 2894 longissimas
1035 2852 1136 2884 mox
1164 2838 1369 2897 emittunt.
1436 2836 1550 2878 Nam
1579 2835 1737 2886 caudae,
1769 2850 1863 2892 quae

145 2907 245 2949 tunc
265 2917 503 2960 nascuntur,
534 2911 820 2952 conservando
839 2919 1000 2952 motum
1021 2926 1143 2952 suum
1162 2920 1204 2953 ct
1223 2911 1382 2952 interea
1401 2924 1545 2950 versus
1567 2908 1707 2951 Solem
1726 2908 1864 2966 gravi-

146 2978 287 3029 tando,
320 2979 597 3022 movebuntur
625 2982 735 3023 circa
766 2982 908 3025 Solem
937 2982 981 3023 in
1011 2982 1224 3038 ellipsibus
1253 2997 1332 3038 pro
1352 2995 1469 3022 more
1493 2980 1688 3044 capitum,
1720 2989 1761 3023 et
1788 2995 1864 3036 per

190 3093 238 3135 (ε)
255 3095 274 3112 ⁸
292 3094 337 3124 Et
351 3095 422 3124 hinc
435 3091 546 3125 rursus
561 3096 722 3135 colligitur.
785 3096 948 3137 Legantur
962 3107 1032 3136 quae
1046 3096 1129 3128 dicta
1142 3096 1263 3128 suntin
1277 3095 1395 3128 scholio
1416 3095 1510 3137 Prop.
1528 3095 1592 3128 XI.
1611 3095 1682 3128 Lib.
1703 3095 1752 3127 11.

188 3136 238 3178 (f)
256 3138 272 3155 θ
290 3138 368 3168 Non
382 3143 423 3168 ese
438 3148 457 3168 a
471 3139 589 3169 ratione
597 3149 726 3179 prorsus
740 3140 876 3171 alienum
893 3140 994 3181 (165).
