2072 3522
335 622 1046 690 PHILOSOPHIAE
1104 626 1177 690 N
1179 627 1675 693 ATURALIS

458 796 882 849 PRINCIPIA
926 798 1555 852 MATHEMATICA.

652 1013 792 1044 LIBRI
815 1013 986 1046 TERTII
1011 1014 1362 1048 CONTINUATIO.

393 1221 772 1267 PROPOSITIO
804 1226 1026 1270 XXXVI.
1088 1227 1432 1271 PROBLEMA
1463 1229 1614 1271 XVII.

559 1367 747 1411 Invenire
765 1369 843 1410 vim
862 1368 965 1410 Solis
984 1370 1042 1410 ad
1059 1369 1184 1411 Mare
1201 1371 1438 1411 movendum.

209 1511 339 1554 sons
368 1511 428 1552 vis
459 1512 512 1554 M
539 1512 579 1555 L
608 1527 680 1556 seu
711 1510 748 1556 P
769 1514 822 1565 T,
853 1515 898 1556 in
926 1515 1184 1571 quadraturis
1214 1515 1440 1566 lunaribus,
1471 1514 1525 1555 ad
1554 1512 1857 1582 perturbandos

149 1591 286 1624 motus
315 1583 480 1626 lunares
501 1593 590 1627 erat
619 1589 712 1641 (per
733 1587 859 1642 Prop.
882 1587 1032 1631 XXV.
1053 1588 1192 1642 hujus)
1214 1588 1267 1629 ad
1286 1588 1371 1630 vim
1389 1587 1600 1646 gravitatis
1630 1586 1741 1641 apud
1761 1601 1853 1637 nos,

148 1660 196 1694 ut
219 1659 255 1694 1-.
276 1653 331 1695 ad
351 1660 576 1699 638092.6.
638 1657 695 1699 Et
714 1657 774 1698 vis
795 1657 837 1700 T
853 1657 906 1700 M
918 1683 975 1690 —
991 1658 1029 1700 L
1050 1658 1102 1700 M
1123 1674 1195 1700 seu
1215 1664 1241 1700 2
1264 1659 1300 1701 Ρ
1323 1658 1363 1700 Κ
1385 1658 1429 1699 in
1448 1657 1621 1715 syzygiis
1640 1657 1852 1700 lunaribus

138 2375 201 2409 est
219 2366 347 2423 duplo
366 2367 510 2423 major.
573 2366 658 2408 Hae
679 2374 815 2408 autem
835 2367 956 2418 vires,
985 2367 1019 2409 si
1039 2366 1312 2408 descendatur
1330 2367 1384 2409 ad
1405 2369 1662 2424 superficiem
1683 2370 1842 2422 Terrae,

137 2437 424 2479 diminuuntur
444 2437 488 2478 in
507 2437 666 2478 ratione
686 2437 972 2479 distantiarum
992 2453 1016 2478 a
1036 2446 1178 2479 centro
1199 2438 1357 2489 Terrae,
1379 2439 1423 2480 id
1443 2449 1516 2490 est,
1549 2441 1601 2496 (¹)
1623 2442 1664 2482 in
1685 2443 1845 2484 ratione

138 2510 221 2560 60}
242 2507 296 2548 ad
319 2513 336 2548 1
354 2523 366 2556 3
387 2506 564 2563 ide6que
582 2508 644 2547 vis
665 2507 780 2562 prior
791 2509 842 2548 'in
862 2508 1078 2563 superficie
1099 2508 1245 2550 Terrae
1265 2518 1326 2550 est
1345 2510 1398 2550 ad
1417 2510 1500 2551 vim
1518 2512 1728 2568 gravitatis
1749 2522 1795 2554 ut
1817 2520 1835 2554 1

137 2579 191 2620 ad
213 2586 451 2622 38604600.
514 2579 612 2620 Hac
632 2579 672 2620 vi
691 2594 804 2621 mare
824 2580 1067 2636 deprimitur
1088 2581 1130 2621 in
1149 2580 1262 2632 locis,
1284 2595 1378 2636 quae
1399 2588 1453 2624 90
1472 2583 1668 2638 gradibus
1688 2584 1842 2626 distant

136 2667 162 2693 a
184 2638 295 2693 Soless
354 2653 410 2693 Vi
429 2652 570 2703 alterii,
603 2667 696 2709 quae
716 2652 844 2708 duplo
863 2654 994 2708 major
1014 2662 1088 2703 est,
1119 2668 1232 2694 mare
1253 2654 1434 2695 elevatur
1452 2662 1494 2697 et
1512 2655 1589 2696 sub
1620 2655 1717 2698 Sole
1737 2665 1778 2698 et
1797 2657 1840 2697 in

179 2778 228 2821 (¹)
252 2781 270 2798 ³
287 2781 330 2810 In
344 2781 460 2811 ratione
475 2780 539 2822 60⁴}
553 2783 595 2818 qd
619 2784 646 2811 l.
696 2779 969 2816 Quemadmodum
1011 2780 1142 2822 analoga
1156 2787 1202 2812 est
1215 2781 1300 2812 radio
1314 2781 1426 2817 Tenae,
1443 2791 1507 2812 esse
1517 2781 1556 2812 ad
1567 2782 1629 2812 vim
1639 2783 1838 2821 centripetam

135 2821 170 2852 in
187 2822 281 2859 Prop.
298 2822 412 2852 XXV.
437 2822 682 2854 demonstratum
703 2829 749 2853 est
769 2833 837 2852 eam
852 2830 970 2862 partem
1012 2823 1115 2853 Lunae
1129 2824 1162 2853 in
1179 2824 1304 2854 Terram
1327 2824 1360 2854 in
1380 2824 1497 2854 ratione
1510 2824 1587 2854 radii
1605 2825 1708 2855 Terrae
1730 2825 1768 2855 ad
1790 2835 1839 2855 ra-

134 2865 182 2894 vis
202 2863 376 2902 centripetae
390 2863 507 2894 lunaris
528 2865 561 2895 iu
585 2866 688 2896 Solem
703 2863 766 2905 (1υᾶ
781 2871 882 2894 motus
903 2865 969 2905 ejus
1010 2865 1097 2896 dium
1112 2866 1217 2896 orbitae
1234 2866 1349 2897 lunaris
1363 2865 1477 2896 directe
1499 2873 1530 2897 et
1550 2867 1666 2897 ratione
1681 2866 1838 2906 duplicata

135 2905 217 2936 circa
240 2906 367 2936 Terram
389 2908 584 2944 perturbatur
607 2914 637 2938 et
659 2918 730 2948 quae
752 2907 837 2937 radio
862 2908 969 2937 orbitae
1009 2909 1154 2946 temporis
1167 2909 1313 2948 periodici
1330 2909 1434 2939 Terrae
1448 2907 1528 2939 circ&
1545 2909 1647 2939 Solem
1661 2909 1701 2939 ad
1716 2916 1838 2949 tempus

134 2948 252 2978 lunaris
265 2955 330 2978 erat
345 2948 586 2987 proportionalis,
609 2960 674 2980 esse
687 2950 727 2980 ad
741 2949 803 2980 vim
818 2950 967 2989 centripe-
1009 2950 1198 2989 periodicum
1213 2950 1314 2981 Lunae
1328 2950 1409 2982 circ&
1422 2951 1548 2981 Tenum
1562 2951 1689 2983 inverse.
1731 2951 1837 2988 Quare

134 2996 199 3021 tam
217 2991 317 3022 Lunae
332 2991 364 3021 in
382 2991 511 3021 Terram
531 2991 564 3021 in
579 2991 734 3031 duplicati:
748 2992 866 3022 ratione
886 2998 964 3022 tem·
1007 2993 1086 3022 vires
1116 2993 1196 3023 Solis
1225 2994 1264 3024 ad
1293 2993 1514 3032 perturbandos
1542 3000 1645 3024 motus
1672 3004 1834 3033 corporum

133 3042 244 3071 porum
256 3032 482 3071 periodicorum
496 3033 600 3063 Terrae
609 3033 690 3064 circei.
703 3034 806 3065 Solem
821 3041 852 3064 et
865 3034 966 3064 Lunae
1007 3033 1102 3074 prope
1116 3035 1306 3074 superficiem
1324 3036 1429 3066 Terrae
1449 3042 1522 3066 sunt
1542 3035 1582 3066 ad
1604 3037 1680 3067 vires
1698 3036 1774 3068 Solis
1795 3037 1835 3067 ad

133 3074 215 3105 cite&
231 3075 369 3110 Terram,
392 3075 486 3104 simili
506 3075 598 3114 plane
618 3076 711 3107 modo
731 3078 877 3116 probatur
897 3087 965 3107 eam
1007 3077 1227 3115 perturbandos
1247 3084 1351 3108 motus
1373 3077 1475 3107 Lunae
1496 3084 1532 3108 ut
1552 3078 1655 3108 radius
1671 3079 1774 3109 Terrae
1795 3079 1835 3109 ad

133 3126 257 3157 quoque
279 3123 396 3147 nartem
422 3117 467 3146 vis
493 3118 668 3158 centripetae
692 3119 725 3149 in
753 3118 867 3156 Solem,
893 3128 963 3159 quae
1004 3118 1124 3149 radium
1140 3121 1246 3150 orbitae
1260 3119 1385 3156 lunaris,
1400 3120 1459 3151 hoc
1473 3126 1528 3163 est,
1545 3127 1581 3151 ut
1598 3123 1611 3151 1
1629 3120 1668 3152 ad
1683 3121 1755 3162 60}-

177 3172 266 3203 Vox...
277 3171 346 3202 111.
367 3172 456 3203 Pus
473 3172 521 3204 11.
939 3174 986 3218 ‚H
