2072 3522
136 255 285 298 Lmen
306 252 545 306 Tannus]
607 253 929 296 PRINCIPIA
961 253 1454 298 MATHEMATICA.
1762 259 1849 298 ⁷185

191 368 498 424 Atmosphaerae
527 377 784 413 cometarum
811 371 857 412 in
885 358 1087 413 descensu
1115 385 1259 412 eorum
1286 370 1331 411 in
1364 370 1504 413 Solem
1524 371 1785 413 excurrendo
1804 371 1850 412 in

135 439 301 490 caudas,
323 439 624 492 diminuuntur,
646 449 688 483 et
708 440 773 498 (ea
794 441 906 483 certe
924 441 969 483 in
986 448 1106 497 parte
1125 455 1219 497 quae
1237 441 1376 483 Solem
1391 442 1574 497 respicit)
1592 442 1849 499 angustiores

132 511 389 554 redduntur:
420 521 463 554 et
480 513 662 555 vicissim
681 515 726 555 in
744 528 910 556 recessu
929 528 1074 555 eorum
1093 528 1119 554 a
1140 513 1250 564 Sole,
1272 513 1344 555 ubi
1358 515 1444 569 jam
1464 512 1601 556 minus
1622 520 1851 556 excurrunt

131 582 177 626 in
197 582 363 633 caudas,
383 583 635 639 ampliantur
645 600 657 634 ;
679 585 714 626 si
733 584 860 626 modo
879 584 1157 640 phaenomena
1172 599 1317 627 eorum
1333 584 1537 626 Hevelius
1552 585 1664 627 recte
1678 585 1848 627 notavit.

134 654 328 698 Minimae
360 662 499 697 autem
532 665 746 712 apparent,
779 657 851 698 ubi
882 657 1019 712 capita
1045 657 1135 713 jam
1169 656 1296 698 modo
1326 656 1381 698 ad
1414 655 1555 698 Solem
1584 656 1779 699 calefacta
1803 658 1850 698 in

131 725 285 767 caudas
313 726 515 768 maximas
543 736 585 769 et
612 726 936 784 fulgentissimas
955 727 1108 779 abiere,
1130 735 1172 770 et
1196 727 1335 769 nuclei
1353 726 1469 769 fumo
1487 727 1628 770 forsan
1649 730 1850 772 crassiore

132 806 174 840 et
192 799 376 856 nigriore
396 799 439 839 in
459 799 832 854 atmosphaerarum
851 800 1038 855 partibus
1058 800 1211 842 infimis
1231 800 1539 842 circundantur.
1581 801 1693 843 Nam
1711 801 1850 843 fumus

79 928 82 931 Ι
132 870 268 911 omnis
297 869 456 926 ingenti
485 870 623 911 calore
652 871 854 912 excitatus
884 871 1061 913 crassior
1090 879 1132 913 et
1157 871 1317 929 nigrior
1335 886 1425 913 esse
1445 871 1562 913 solet.
1625 872 1696 914 Sic
1724 881 1851 928 caput

131 949 320 992 cometae,
343 941 397 983 de
417 956 500 998 quo
521 942 694 999 egimus,
716 942 760 984 in
777 943 1008 1000 aequalibus
1027 959 1052 986 a
1074 944 1172 986 Sole
1193 959 1241 986 ac
1262 944 1396 986 Terra
1413 945 1618 987 distantiis
1633 945 1849 987 obscurius

131 1015 325 1070 apparuit
343 1022 441 1070 post
458 1015 849 1070 periheliumsuum
870 1015 994 1072 quam
1014 1024 1148 1059 antea.
1186 1016 1352 1059 .Mense
1372 1018 1485 1058 enim
1506 1018 1734 1060 Decembri
1754 1033 1850 1060 cum

132 1087 260 1130 stellis
281 1088 414 1129 tertiae
433 1088 731 1145 magnitudinis
751 1087 928 1130 conferri
948 1088 1118 1140 solebat,
1150 1096 1194 1130 at
1220 1103 1364 1131 mense
1383 1089 1615 1131 Novembri
1634 1105 1729 1131 cum
1751 1091 1848 1132 stel-

130 1160 182 1202 lis
206 1161 359 1216 -primae
388 1168 430 1203 et
459 1162 669 1204 secundae.
731 1162 789 1203 Et
807 1162 878 1218 qui
902 1170 1126 1218 utrumque
1145 1161 1347 1216 viderant,
1378 1162 1579 1218 majorem
1608 1162 1850 1204 describunt

131 1239 337 1274 cometam
375 1232 571 1288 priorem.
651 1232 764 1274 Nam
796 1232 941 1288 juveni
975 1232 1141 1274 cuidam
1175 1231 1520 1290 Cantabrigiensi‚
1565 1232 1748 1274 Novem..
1780 1239 1848 1276 19.

130 1310 293 1345 cometa
323 1302 443 1344 hicce
475 1304 568 1345 luce
596 1302 670 1345 sua
691 1303 955 1360 quantumvis
982 1302 1177 1358 plumbea
1206 1311 1248 1345 et
1277 1303 1437 1354 obtusa,
1460 1303 1652 1359 aequabat
1681 1304 1852 1358 Spicam

132 1374 334 1431 Virginis,
357 1381 399 1415 et
418 1374 568 1416 clarius
589 1374 769 1416 micabat
788 1373 914 1430 quam
931 1382 1086 1430 postea.
1139 1374 1196 1416 Et
1217 1373 1471 1416 Montenaro
1492 1374 1599 1416 Nov.
1615 1379 1684 1416 20.
1701 1382 1750 1416 st.
1766 1382 1849 1418 vet.

131 1453 293 1493 cometa
313 1445 541 1500 apparebat
561 1446 694 1501 major
713 1444 840 1487 stellis
859 1446 1006 1500 primae
1025 1444 1338 1502 magnitudinis,
1367 1446 1569 1487 existente
1590 1445 1721 1486 cauda
1743 1445 1850 1487 duo-

132 1531 228 1558 rum
248 1517 456 1574 graduum
481 1517 766 1575 longitudinis·
827 1517 886 1559 Et
911 1517 970 1560 D.
994 1518 1138 1560 Storer
1157 1518 1314 1569 literis,
1334 1533 1429 1574 quae
1456 1518 1502 1558 in
1520 1533 1667 1559 manus
1686 1527 1851 1560 nostras

130 1589 331 1639 incidere,
353 1583 530 1647 scripsit
557 1598 682 1645 caput
711 1592 798 1647 ejus
826 1605 969 1632 mense
997 1591 1238 1642 Decembri,
1269 1591 1342 1632 ubi
1366 1591 1543 1633 caudam
1561 1591 1788 1632 maximam
1808 1598 1852 1633 et

132 1659 488 1717 fulgentissimam
526 1662 751 1712 emittebat,
791 1676 968 1718 parvum
1007 1677 1095 1705 esse
1135 1670 1177 1704 et
1213 1662 1499 1719 magnitudine
1536 1663 1687 1704 visibili
1725 1662 1851 1720 longe

130 1727 279 1777 cedere
318 1746 508 1786 cometae,
549 1734 621 1790 qui
658 1748 799 1778 mense
839 1722 1069 1777 No‘vembri
1108 1743 1204 1777 ante
1245 1735 1356 1778 Solis
1395 1745 1535 1777 ortum
1585 1743 1848 1791 apparuerat.

133 1807 266 1865 Cujus
297 1809 360 1851 rei
392 1809 596 1851 rationem
625 1823 715 1850 esse
744 1809 1065 1864 conjectabatur,
1078 1826 1082 1830 ·
1097 1808 1211 1864 quod
1239 1808 1412 1851 materia
1442 1808 1589 1864 capitis
1619 1808 1696 1850 sub
1730 1808 1849 1850 initio

134 1880 342 1935 copiosior
361 1888 482 1931 esset,
504 1888 547 1922 et
564 1880 765 1935 paulatim
784 1888 1109 1923 consumeretur.

194 1951 360 1994 Eodem
389 1959 575 2007 spectare
603 1951 780 2003 videtur,
813 1952 926 2008 quod
947 1953 1083 2008 capita
1102 1959 1356 1995 cometarum
1375 1953 1565 2004 aliorum,
1598 1953 1670 2010 qui
1698 1953 1851 1996 caudas

131 2022 336 2064 maximas
366 2030 408 2064 et
434 2022 756 2079 fiilgentissimas
786 2022 1027 2074 emiserunt,
1058 2024 1326 2079 apparuerint
1352 2024 1607 2066 subobscura
1626 2032 1668 2066 et
1686 2025 1850 2081 exigua.

135 2095 248 2137 Nam
277 2109 388 2136 anno
419 2100 543 2137 1668.
568 2094 697 2137 Mart.
720 2098 760 2135 5.
780 2102 830 2135 st.
851 2109 946 2136 nov.
966 2093 1072 2136 hora
1093 2094 1266 2150 septima
1292 2094 1524 2150 vespertina
1547 2096 1601 2136 R.
1626 2095 1674 2137 P.
1696 2095 1852 2137 Valen-
1876 2140 1882 2145 x

63 2152 65 2163 η’
133 2164 244 2208 tinus‘
276 2165 508 2215 Estancius,
542 2165 732 2207 Brasiliae
766 2179 909 2222 agens,
939 2172 1144 2207 cometam
1173 2165 1278 2206 vidit
1304 2164 1510 2207 horizonti
1538 2165 1778 2220 proximum
1798 2166 1853 2207 ad

134 2253 331 2281 occasum
362 2238 471 2281 Solis
500 2238 745 2291 brumalem,
778 2239 913 2294 capite
941 2238 1114 2281 minimo
1142 2246 1185 2280 et
1212 2239 1285 2281 vix
1314 2240 1554 2294 conspicuo,
1587 2239 1718 2281 cauda
1752 2238 1854 2282 vero

135 2308 262 2364 supra
281 2308 455 2351 modum
473 2309 672 2368 fulgente,
692 2319 741 2352 ut
761 2317 915 2352 stantes
945 2310 992 2351 in
1019 2309 1158 2351 littore
1178 2309 1359 2364 speciem
1380 2311 1467 2364 ejus
1488 2325 1511 2350 e
1530 2310 1636 2351 mari
1655 2310 1853 2352 reflexam

134 2381 257 2424 facile
285 2378 534 2424 cernerent*
578 2383 770 2438 Speciem
795 2382 940 2439 utique
959 2382 1142 2424 habebat
1160 2382 1288 2424 trabis
1309 2382 1562 2438 splendentis
1591 2382 1854 2440 longitudine

135 2458 190 2495 23
211 2452 434 2510 graduum,
455 2452 508 2494 ab
528 2453 743 2496 occidente
762 2454 806 2495 in
827 2461 1015 2496 austrum
1033 2468 1223 2511 vergenS,
1245 2461 1287 2495 et
1310 2453 1518 2496 horizonti
1536 2453 1622 2499 fere
1641 2455 1854 2510 parallela-

137 2523 299 2569 Tantus
320 2532 459 2566 autem
488 2524 685 2580 splendor
711 2532 796 2568 tres
826 2524 963 2567 solum
987 2526 1075 2568 dies
1105 2526 1294 2577 durabat,
1316 2526 1491 2568 subinde
1524 2526 1764 2570 notabiliter
1781 2526 1854 2569 de-

139 2610 349 2647 crescens3
380 2605 422 2639 et
450 2597 609 2639 interea
637 2596 903 2639 decrescente
924 2596 1144 2652 splendore
1164 2604 1285 2639 aucta
1311 2604 1374 2639 est
1401 2597 1689 2656 magnitudine
1708 2597 1853 2640 cauda.

139 2669 267 2713 Unde
289 2671 414 2712 etiam
441 2671 488 2713 in
517 2670 734 2713 Lusitania
762 2678 954 2727 quartam
978 2669 1066 2713 fere
1092 2671 1187 2713 coeli
1207 2679 1369 2727 partem
1397 2670 1460 2727 (id
1487 2676 1561 2721 est,
1593 2669 1749 2727 gradus
1779 2669 1854 2723 45)

137 2754 360 2796 occupasse
372 2741 523 2784 dicitur
539 2742 592 2784 ab
607 2741 823 2784 occidente
842 2742 887 2783 in
901 2742 1103 2785 orientem
1118 2742 1339 2798 splendore
1355 2756 1450 2785 cum
1465 2741 1618 2798 insigni
1635 2749 1854 2796 portensa3

136 2826 215 2854 nec
232 2819 479 2868 tamen-tota
497 2815 702 2870 apparuit,
720 2814 855 2870 capite
875 2829 1038 2870 semper
1060 2814 1107 2856 in
1123 2814 1190 2856 his
1210 2815 1449 2872 regionibus
1469 2813 1576 2856 infra
1594 2813 1856 2855 horizontem

138 2871 417 2926 delitescente:
467 2885 537 2926 Ex
557 2886 813 2928 incremento
833 2885 977 2927 caudae
998 2893 1040 2927 et
1059 2885 1324 2928 decremento
1345 2885 1575 2940 splendoris
1594 2883 1856 2926 manifestum

138 2962 213 3005 est,
252 2954 366 3010 quod
399 2963 524 3010 caput
557 2972 582 2998 a
616 2957 713 2999 Sole
745 2957 928 3007 recessit,
956 2956 1076 3013 eique
1104 2957 1344 3012 proximum
1370 2957 1447 2998 fuit
1471 2957 1603 3012 initio,
1637 2971 1716 3012 pro
1740 2971 1857 2998 more

145 3033 320 3067 cometae
341 3025 439 3067 anni
460 3031 586 3069 1680.
637 3027 694 3069 Et
713 3027 757 3068 in
783 3025 992 3069 Chronico
1015 3027 1224 3069 Saxonico
1246 3027 1388 3068 similis
1408 3027 1560 3083 legitur
1577 3034 1740 3069 cometa
1759 3029 1858 3068 anni

146 3103 270 3141 1106.
300 3098 408 3154 cujus
435 3101 551 3141 stella
581 3106 670 3142 erat
691 3114 829 3154 parva
849 3106 888 3141 et
907 3099 1070 3142 obscura
1101 3101 1166 3155 (ut
1193 3099 1262 3142 ille
1282 3099 1380 3141 anni
1404 3099 1545 3151 1680.)
1574 3100 1646 3145 sed
1673 3100 1857 3154 splendor
