2072 3522
207 266 288 305 162
606 257 1061 302 PHILOSOPHIAE
1093 255 1457 300 NATURALIS
1486 256 1582 309 [DE
1605 256 1768 301 Mum).
1791 258 1917 303 Siraf..
1955 269 1958 275 ·

261 377 358 420 Jam
386 376 441 418 ad
470 376 616 417 orbem
635 384 807 417 cometae
827 373 1202 423 determinandum,
1225 372 1352 429 selegi
1372 387 1426 414 ex
1446 372 1800 415 observationibus
1819 372 1920 417 hac—

204 459 326 493 tenus
347 449 578 505 descriptis,
599 456 683 491 tres
704 463 805 505 quas
827 446 1103 489 Flamstedius
1122 444 1268 487 habuit
1287 444 1393 487 Dec.
1415 449 1484 486 21.
1505 444 1599 486 Jan.
1616 450 1655 487 5.
1677 453 1718 486 et
1737 445 1831 487 Jan.
1848 450 1920 503 25.

159 524 161 526 ’
206 522 259 578 (b)
288 522 356 564 Ex
383 520 449 563 his
478 519 617 562 inveni
648 520 678 562 S
698 527 716 561 t
739 519 920 574 partium
953 523 1106 560 9842.1
1134 524 1176 558 et
1197 517 1238 558 V
1257 525 1276 558 t
1293 516 1475 572 partium
1494 522 1592 567 455,
1614 517 1756 572 ,quales
1779 523 1920 559 10000

207 601 303 637 sunt
335 591 660 635 semi-diameter
693 590 806 631 orbis
839 589 994 646 magni.
1054 588 1169 631 Tum
1203 587 1258 630 ad
1291 588 1575 642 operationem
1599 587 1778 642 primam
1805 586 1922 635 assuss

202 663 360 723 ¹mendo
393 670 412 705 t
447 662 485 705 B
518 661 700 718 partium
735 665 861 712 5657,
897 660 1035 702 inveni
1072 660 1103 706 S
1137 659 1176 702 B
1212 663 1339 710 9747,
1376 659 1414 700 Β
1449 658 1488 700 Ε
1521 658 1654 714 prima
1693 659 1783 705 vice
1820 665 1921 712 412,

211 737 281 787 Slb
297 742 424 789 9503,
439 737 455 778 i
469 744 495 777 λ
508 742 593 779 413
611 751 622 778 :
641 734 727 782 BE
742 733 924 777 secund&
938 734 1029 777 vice
1043 738 1143 785 421,
1161 732 1255 775 OD
1275 737 1428 782 10186,
1446 731 1494 774 Χ
1509 736 1665 774 8528.4
1679 731 1777 776 ΜΡ
1792 738 1920 784 8450,

207 884 335 911 cometae
348 888 368 909 a
383 877 465 909 Sole.
513 877 560 908 Sit
574 876 658 908 enim
673 877 704 907 E
721 877 751 907 L
765 876 866 916 portio
879 875 1037 916 eclipticae,
1082 876 1267 911 observatus,
1291 884 1310 905 a
1323 873 1392 904 loco
1406 873 1480 904 nodi
1498 873 1528 905 Ο
1545 874 1742 905 subtrabatur
1756 873 1923 915 longitudo
1988 886 1992 890 ·

212 921 264 953 Sol
287 922 320 951 in
348 921 380 958 S,
403 920 536 951 latitudo
561 920 688 950 cometae
716 920 741 950 C
760 919 799 956 1;
826 919 859 948 in
884 918 1042 958 triangulo

212 965 240 996 C
264 964 282 995 Ι
309 964 338 999 S.
364 963 403 994 ad
431 963 447 993 Ι
473 962 654 1002 rectangulo
678 964 723 1002 (7.
743 961 813 992 Lib.
835 961 925 999 ΙΙΙ.)
952 961 1044 991 datur

209 1007 291 1038 latus
308 1007 334 1038 C
352 1006 381 1043 I,
398 1006 533 1045 itemque
547 1011 656 1034 notum
671 1010 718 1035 est
731 1004 812 1034 latus
829 1004 846 1034 I
865 1003 887 1034 S
902 1003 1045 1033 differen-

210 1049 254 1081 tia
274 1048 507 1090 longitudinum
533 1047 612 1077 Solis
633 1053 665 1077 et
685 1053 822 1081 cometae,
846 1044 977 1086 ideoque
998 1046 1046 1075 in-

213 1092 344 1122 notescit
358 1090 502 1121 distantia
516 1097 645 1120 cornetoe
659 1100 679 1120 a
694 1089 766 1119 Sole
784 1089 810 1120 C
828 1089 859 1120 S.

257 1137 328 1165 152.
349 1134 380 1164 Si
395 1133 516 1163 duobus
525 1132 634 1163 diebus
645 1142 709 1162 sese
723 1131 855 1162 invicem
870 1129 1047 1161 immediate

211 1176 468 1216 subsequentibus
481 1177 679 1206 observentur
693 1173 906 1215 longitudines
922 1173 969 1211 H,
984 1173 1001 1203 1
1017 1181 1049 1204 et

212 1219 390 1250 latitudines
408 1219 434 1249 C
453 1219 500 1255 H,
524 1218 555 1248 K
574 1217 590 1247 Ι
612 1223 741 1248 cometae
761 1216 900 1257 alicujus,
925 1215 1049 1246 dabitur

213 1271 303 1292 arcus
328 1260 361 1292 K
379 1261 406 1292 C
427 1270 520 1301 quem
542 1267 662 1290 cometa
681 1265 771 1290 motu
790 1259 902 1289 diurno
926 1259 1050 1297 proprio

213 1303 380 1343 descripsit.
430 1302 594 1341 Quoniam,
604 1303 689 1332 enim
704 1303 736 1331 in
745 1301 902 1342 triangulo
916 1301 950 1331 K
961 1301 999 1331 M
1013 1301 1049 1338 C,

215 1346 306 1377 datur
320 1345 455 1387 angulus
469 1355 562 1386 quem
578 1345 704 1375 metitur
718 1355 808 1375 arcus*
826 1344 843 1374 Ι
862 1344 897 1374 H
913 1343 1051 1384 longitu-

215 1389 328 1420 dinum
356 1388 538 1425 differentia,
569 1388 723 1429 simulque
752 1393 825 1417 nota
853 1392 926 1417 sunt
957 1386 1054 1416 latera

218 1431 253 1462 K
278 1432 327 1469 M,
355 1431 381 1462 C
406 1431 454 1468 M,
481 1441 551 1471 quae
579 1436 652 1461 sunt
680 1430 823 1460 datarum
851 1427 1053 1459 latitudinum

221 1474 256 1504 K
273 1474 301 1510 Ι,
321 1475 348 1505 C
365 1474 399 1504 H
418 1474 653 1512 complementa,
670 1473 840 1503 innotescet
854 1481 943 1502 arcus
961 1471 994 1502 K
1011 1471 1049 1502 C.

218 1516 252 1547 Si
266 1515 338 1548 vero
352 1516 446 1546 altera
461 1515 593 1547 latitudo
606 1515 701 1547 fuerit
711 1515 864 1552 australis,
878 1512 956 1553 putii.
969 1515 995 1545 C
1008 1514 1056 1550 H,

1084 923 1217 949 cometae
1245 917 1273 954 Ι,
1300 916 1492 956 relinquetur
1516 926 1605 946 arcus
1636 917 1666 947 O
1693 916 1723 947 1.
1770 916 1866 947 Datis
1889 912 1923 946 in

1085 960 1242 1000 triangulo
1271 959 1303 989 K
1329 959 1359 989 Ο
1389 959 1419 995 Ι,
1450 958 1490 989 ad
1517 959 1535 989 1
1562 959 1753 998 rectangulo,
1777 959 1927 991 lateribus

1093 1002 1128 1033 K
1146 1003 1174 1039 Ι,
1201 1002 1230 1032 O
1249 1002 1277 1037 Ι,
1302 1001 1425 1031 dabitur
1446 1011 1535 1032 arcus
1559 1001 1593 1031 K
1610 1001 1640 1032 Ο
1662 1011 1756 1042 quem
1770 1007 1890 1032 cometa
1908 1011 1928 1032 a

1092 1045 1194 1084 primo
1208 1043 1426 1075 observationis
1439 1043 1490 1074 die
1505 1053 1604 1084 usque
1624 1044 1664 1074 ad
1686 1043 1859 1083 eclipticam
1868 1043 1929 1077 ,de-

1089 1087 1216 1126 scripsit.
1264 1087 1337 1118 Jam
1359 1085 1431 1117 vero
1451 1097 1540 1116 arcus
1557 1086 1591 1117 K
1610 1086 1640 1116 Ο
1665 1087 1840 1118 conferatur
1853 1095 1928 1119 cum

1089 1131 1222 1160 arcubus
1237 1129 1394 1168 descriptis
1408 1130 1447 1159 ab
1461 1129 1549 1159 initio
1563 1129 1781 1160 observationis
1795 1127 1927 1159 comet&

1090 1172 1124 1202 in
1148 1172 1203 1208 K,-
1216 1172 1255 1202 ad
1270 1172 1379 1202 datum
1393 1182 1491 1212 usqne
1504 1171 1840 1212 aliquodmoment'um
1862 1170 1928 1202 sine

1091 1214 1174 1256 gulis
1202 1215 1312 1245 diebus
1340 1223 1395 1253 pro
1425 1214 1548 1245 arbitrio
1573 1221 1778 1253 assumptum.
1838 1213 1928 1244 Hinc

1093 1257 1312 1296 proportionali
1337 1262 1424 1295 parte
1448 1255 1596 1292 adhibita,
1620 1257 1742 1287 circiter
1763 1256 1930 1297 colligetur

1094 1307 1217 1338 tempus
1239 1309 1302 1340 quo
1327 1305 1447 1329 cometa
1479 1299 1576 1330 secuit
1598 1299 1778 1338 eclipticam.
1827 1298 1927 1330 Simili

1094 1342 1187 1372 modo
1200 1341 1376 1372 invenietur
1390 1348 1512 1381 tempus
1523 1351 1585 1382 quo
1598 1341 1717 1383 trajecit
1731 1347 1929 1382 aequatorem.

1141 1388 1210 1416 155.
1239 1384 1272 1415 Si
1296 1390 1416 1415 cometa
1439 1384 1538 1423 primo
1560 1385 1738 1415 observetur
1759 1384 1794 1414 in
1816 1382 1931 1422 eadem

1095 1425 1179 1458 recta
1199 1437 1273 1458 cum
1293 1427 1414 1458 duabus
1434 1426 1513 1463 fixis,
1538 1426 1649 1456 deinde
1669 1426 1702 1456 in
1727 1425 1787 1456 alia
1807 1435 1931 1466 quoque

1095 1470 1180 1501 recu‘i
1194 1480 1267 1501 curn
1283 1470 1404 1500 duabus
1418 1469 1486 1499 aliis
1499 1468 1570 1499 fixis
1583 1470 1768 1504 observetur,
1791 1467 1933 1499 aemma

1099 1513 1235 1554 trajectis
1255 1522 1310 1553 per
1323 1517 1456 1553 quatuor
1476 1512 1546 1542 illas
1567 1511 1669 1541 stellas
1683 1510 1804 1541 duobus
1817 1510 1879 1540 filis
1898 1510 1933 1540 in

215 1559 314 1591 altera
334 1558 466 1591 borealis
486 1564 523 1589 ut
547 1559 578 1590 G
594 1558 636 1596 N,
660 1559 743 1589 latus
761 1557 792 1589 G
808 1557 847 1588 M
869 1563 915 1588 est
935 1566 1058 1587 summa
1089 1555 1262 1595 „superficie
1282 1554 1367 1596 globi
1388 1553 1529 1592 coelestis,
1551 1553 1725 1584 inter-sectio
1738 1553 1863 1584 filorum
1877 1551 1933 1583 de-

228 2406 400 2440 latitudinis
418 2406 449 2438 G
467 2407 499 2437 N
513 2411 544 2436 et
558 2404 740 2446 quadrantis
759 2404 793 2434 N
808 2404 858 2439 M,
882 2413 917 2434 ac
932 2403 1061 2444 proinde

229 2452 323 2482 etiam
338 2451 371 2480 in
386 2451 444 2480 boc
458 2459 532 2480 casu
547 2448 671 2478 dabitur
685 2457 774 2478 arcus
791 2447 818 2478 C
836 2447 878 2477 G·

277 2496 344 2524 155.
369 2491 484 2522 Iisdem
507 2490 712 2526 manentibus,
736 2488 866 2519 inveniri
887 2495 987 2528 potest
1009 2500 1066 2521 no.

231 2535 291 2566 dus
314 2535 344 2565 O
366 2534 473 2564 orbitae
488 2539 626 2570 cornetae,
649 2531 729 2563 datis
750 2531 834 2562 enim
855 2530 889 2561 in
910 2531 1068 2572 triangulo

234 2579 272 2609 M
292 2578 318 2608 C
336 2577 370 2607 K
392 2577 538 2607 lateribus
561 2576 597 2605 M
617 2575 652 2610 C,
678 2575 716 2605 M
735 2573 779 2610 K,
803 2583 875 2604 cum
890 2574 1006 2614 angulo
1020 2575 1068 2605 in-

233 2620 421 2659 tercepth
434 2628 528 2659 quem
543 2617 668 2648 metitur
681 2615 915 2657 longitudinum
927 2617 1069 2648 datarum

234 2661 408 2693 differentia
432 2662 464 2691 H
494 2661 519 2696 1,
543 2659 666 2691 dabitur
686 2658 823 2699 angulus
845 2658 884 2688 M
902 2658 935 2688 K
955 2659 991 2695 C,
1015 2660 1070 2701 qui

234 2715 273 2736 ex
299 2703 387 2735 1800.
405 2703 586 2739 subductus,
608 2702 755 2742 relinquit
768 2701 920 2741 angulum
940 2702 969 2732 O
988 2702 1022 2732 K
1039 2703 1065 2733 Ι.

235 2747 309 2779 Jam
332 2745 404 2778 vero
425 2745 505 2777 datis
518 2745 675 2785 triangulo
700 2745 730 2775 O
747 2743 781 2774 K
799 2743 828 2779 1,
850 2744 890 2773 ad
914 2744 931 2774 Ι
951 2751 1070 2775 rectan-

235 2790 321 2830 gulo,
338 2788 500 2819 latitudine
519 2788 532 2818 1
553 2787 596 2824 K,
619 2793 650 2818 et
664 2786 780 2828 angulo
798 2785 828 2816 Ο
847 2786 880 2816 K
898 2786 926 2824 1,
950 2787 1069 2818 inveni·

235 2839 287 2862 tur
308 2831 443 2872 angulus
466 2831 482 2861 1
503 2830 533 2861 Ο
552 2830 596 2865 K,
619 2829 770 2870 daturque
791 2838 880 2859 arcus
903 2830 932 2860 O
956 2830 985 2867 1,
1007 2839 1070 2870 quo

236 2874 342 2905 addito
358 2872 546 2914 longitudini
562 2873 591 2910 1,
612 2873 768 2903 obtinetur
782 2870 926 2902 distantia
940 2872 1014 2902 nodi
1039 2872 1069 2903 O

237 2927 256 2947 a
278 2915 429 2955 principio
458 2915 580 2946 Arietis·
630 2914 682 2944 Ex
705 2913 949 2954 praecedentibus
976 2920 1070 2953 patet,

238 2958 317 2988 datis
331 2958 452 2989 duabus
466 2957 694 2995 ascensionibus
709 2955 797 2987 rectis
812 2961 843 2985 et
857 2956 1072 2988 declinationi-

237 3002 306 3036 bus,
329 3001 458 3031 inveniri
481 3010 605 3040 quoque
619 3005 739 3030 motum
754 3004 881 3029 cometae
902 2999 1071 3039 proprium,

238 3042 469 3073 inclinationem
484 3044 592 3073 orbitae
607 3041 646 3072 ad
661 3047 846 3082 aequatorem
868 3047 900 3071 et
920 3048 1073 3081 punctum

238 3086 272 3116 in
286 3094 350 3125 quo
363 3086 462 3115 orbita
475 3084 529 3115 illa
544 3090 729 3125 aequatorem
744 3083 915 3114 intersecat.

284 3130 354 3159 154.
375 3126 490 3158 Iisdem
505 3127 612 3166 positis
625 3126 665 3158 sit
681 3126 715 3158 K
731 3126 817 3157 locus
831 3132 960 3158 cometae
974 3125 1075 3167 primo

1110 2403 1286 2435 terminabit
1305 2403 1410 2434 locum
1425 2408 1554 2433 cometae
1574 2413 1631 2443 pro
1650 2408 1788 2443 tempore
1802 2402 1941 2434 observa-

1107 2446 1211 2477 tionis.
1261 2445 1292 2477 Si
1308 2446 1416 2476 eodem
1430 2445 1525 2476 modo
1538 2445 1727 2477 definiantur
1739 2445 1800 2475 alia
1813 2450 1942 2475 comet-

1107 2488 1184 2562 lloca‚
1200 2488 1284 2519 illius
1298 2489 1405 2520 semita
1419 2488 1453 2519 in
1466 2488 1627 2528 superficie
1639 2487 1725 2530 globi
1743 2486 1874 2518 caelestis
1886 2486 1942 2518 de-

1121 2531 1282 2562 incubitur.

1155 2577 1227 2605 156·
1253 2571 1407 2605 Accurate
1429 2573 1595 2616 designatis
1618 2572 1652 2602 in
1671 2570 1834 2611 superficie
1855 2570 1943 2613 globi

1111 2622 1239 2647 cometae
1254 2616 1338 2653 locis,
1353 2616 1443 2646 filum
1457 2615 1579 2647 duobus
1593 2614 1668 2645 locis
1681 2613 1869 2653 applicatum
1886 2623 1944 2654 pu·

1112 2666 1222 2690 caetera
1243 2659 1349 2689 omnia
1371 2658 1592 2698 propemodum
1617 2657 1745 2687 transire
1767 2655 1942 2695 videbiturg

1111 2701 1178 2731 haec
1201 2701 1298 2742 igitur
1321 2701 1390 2731 loca
1413 2700 1478 2732 fere
1499 2706 1571 2731 sunt
1590 2699 1623 2729 in
1643 2697 1816 2739 peripheria
1835 2697 1944 2729 circuli

1112 2744 1249 2781 maximi,
1279 2742 1412 2783 ideoque
1439 2749 1558 2774 cometa
1585 2751 1622 2772 ex
1653 2740 1752 2772 Terra
1775 2741 1809 2772 in
1836 2739 1944 2772 cimai

1111 2786 1240 2817 maximi
1261 2784 1432 2826 peripheria
1456 2784 1596 2815 incedere
1619 2783 1787 2824 apparebit.
1834 2781 1942 2819 Quat&

1112 2828 1138 2858 si
1152 2828 1241 2859 filum
1258 2839 1312 2868 per
1326 2828 1390 2859 duo
1403 2827 1469 2858 loca
1484 2827 1634 2858 transiens
1647 2826 1831 2857 extendatur
1844 2825 1944 2857 donec

1112 2870 1284 2910 eclipticam
1298 2877 1330 2901 et
1343 2876 1527 2911 aequntorem
1543 2875 1632 2906 secet,
1648 2870 1844 2900 habebuntur
1856 2867 1945 2899 locun

1114 2913 1198 2951 nodi,
1228 2919 1260 2944 et
1288 2913 1446 2944 inclinatio
1474 2912 1580 2943 orbitae
1607 2911 1764 2942 cometicae
1789 2909 1944 2951 simulque

1115 2962 1267 2996 punctum
1282 2955 1314 2985 in
1329 2964 1392 2996 quo
1406 2961 1525 2986 cometa
1538 2954 1648 2995 trajicit
1662 2959 1857 2994 aquatorem.

1159 2999 1203 3040 (b)
1221 3000 1237 3019 θ
1256 3000 1307 3030 Ea·
1326 2999 1371 3028 lais
1392 2999 1502 3029 inveni.
1552 2995 1627 3032 Qua
1647 2996 1764 3026 ratione
1785 2995 1946 3035 sequentes

1116 3039 1384 3072 determinationes
1398 3040 1517 3079 possint
1530 3039 1661 3070 inveniri
1674 3038 1722 3068 vel
1737 3034 1882 3078 graphice
1896 3035 1947 3067 vel

1115 3082 1314 3118 arithmetice,
1331 3088 1414 3122 patet
1425 3092 1461 3112 ex
1473 3081 1700 3112 constructione
1711 3080 1803 3119 Prop.
1818 3078 1948 3118 praeced.

1117 3132 1148 3158 et
1162 3135 1201 3158 ex
1215 3125 1252 3157 iis
1267 3135 1337 3167 quae
1350 3125 1424 3156 huic
1441 3124 1649 3165 Propositioni
1662 3122 1846 3154 addidimus.
