<?xml version="1.0" encoding="UTF-8"?>
<!DOCTYPE html PUBLIC "-//W3C//DTD XHTML 1.0 Transitional//EN"
    "http://www.w3.org/TR/xhtml1/DTD/xhtml1-transitional.dtd">
<html xmlns="http://www.w3.org/1999/xhtml" xml:lang="en" lang="en">
 <head>
  <title>
</title>
<meta http-equiv="Content-Type" content="text/html;charset=utf-8" />
  <meta name='ocr-system' content='tesseract 3.04.00' />
  <meta name='ocr-capabilities' content='ocr_page ocr_carea ocr_par ocr_line ocrx_word'/>
</head>
<body>
  <div class='ocr_page' id='page_1' title='image "./philosophiaenatu04newtuoft_0165.png"; bbox 0 0 2072 3522; ppageno 0'>
   <div class='ocr_carea' id='block_1_1' title="bbox 110 270 1435 332">
    <p class='ocr_par' dir='ltr' id='par_1_1' title="bbox 110 270 1435 332">
     <span class='ocr_line' id='line_1_1' title="bbox 110 270 1435 332; baseline -0.003 -13"><span class='ocrx_word' id='word_1_1' title='bbox 110 317 116 319; x_wconf 82' lang='lat'>.</span> <span class='ocrx_word' id='word_1_2' title='bbox 136 270 285 319; x_wconf 61' lang='lat' dir='ltr'>Lmen</span> <span class='ocrx_word' id='word_1_3' title='bbox 298 270 540 327; x_wconf 64' lang='lat' dir='ltr'>Tmi&#39;rms]</span> <span class='ocrx_word' id='word_1_4' title='bbox 584 272 925 319; x_wconf 61' lang='lat' dir='ltr'>PRINCIPIA</span> <span class='ocrx_word' id='word_1_5' title='bbox 939 272 1435 332; x_wconf 75' lang='lat' dir='ltr'><strong>MATHEMATICA.</strong></span> 
     </span>
    </p>
   </div>
   <div class='ocr_carea' id='block_1_2' title="bbox 1763 273 1846 316">
    <p class='ocr_par' dir='ltr' id='par_1_2' title="bbox 1763 273 1846 316">
     <span class='ocr_line' id='line_1_2' title="bbox 1763 273 1846 316; baseline 0.024 -2"><span class='ocrx_word' id='word_1_6' title='bbox 1763 273 1846 316; x_wconf 79' lang='lat'>149</span> 
     </span>
    </p>
   </div>
   <div class='ocr_carea' id='block_1_3' title="bbox 132 380 1846 591">
    <p class='ocr_par' dir='ltr' id='par_1_3' title="bbox 132 380 1846 591">
     <span class='ocr_line' id='line_1_3' title="bbox 194 380 1846 447; baseline -0.002 -15"><span class='ocrx_word' id='word_1_7' title='bbox 194 382 266 432; x_wconf 78' lang='lat' dir='ltr'>A‘d</span> <span class='ocrx_word' id='word_1_8' title='bbox 287 390 383 433; x_wconf 83' lang='lat' dir='ltr'>Ac</span> <span class='ocrx_word' id='word_1_9' title='bbox 401 390 599 437; x_wconf 83' lang='lat' dir='ltr'>bisectam</span> <span class='ocrx_word' id='word_1_10' title='bbox 618 390 664 431; x_wconf 88' lang='lat' dir='ltr'>in</span> <span class='ocrx_word' id='word_1_11' title='bbox 684 390 706 431; x_wconf 96' lang='grc' dir='ltr'>Ι</span> <span class='ocrx_word' id='word_1_12' title='bbox 726 389 938 447; x_wconf 70' lang='lat' dir='ltr'>erigantur</span> <span class='ocrx_word' id='word_1_13' title='bbox 954 387 1250 444; x_wconf 83' lang='lat' dir='ltr'>perpendicula</span> <span class='ocrx_word' id='word_1_14' title='bbox 1271 387 1312 428; x_wconf 89' lang='lat' dir='ltr'>A</span> <span class='ocrx_word' id='word_1_15' title='bbox 1326 387 1400 437; x_wconf 72' lang='lat' dir='ltr'>M,</span> <span class='ocrx_word' id='word_1_16' title='bbox 1419 387 1455 428; x_wconf 93' lang='lat' dir='ltr'><strong>C</strong></span> <span class='ocrx_word' id='word_1_17' title='bbox 1471 387 1527 438; x_wconf 91' lang='lat' dir='ltr'>N,</span> <span class='ocrx_word' id='word_1_18' title='bbox 1553 380 1646 438; x_wconf 89' lang='grc' dir='ltr'>ῙΟ,</span> <span class='ocrx_word' id='word_1_19' title='bbox 1669 391 1846 443; x_wconf 85' lang='lat' dir='ltr'>quorum</span> 
     </span>
     <span class='ocr_line' id='line_1_4' title="bbox 135 459 1844 519; baseline -0.001 -14"><span class='ocrx_word' id='word_1_20' title='bbox 135 463 176 506; x_wconf 95' lang='lat' dir='ltr'>A</span> <span class='ocrx_word' id='word_1_21' title='bbox 197 462 250 505; x_wconf 95' lang='lat' dir='ltr'>M</span> <span class='ocrx_word' id='word_1_22' title='bbox 278 469 321 504; x_wconf 88' lang='lat' dir='ltr'>et</span> <span class='ocrx_word' id='word_1_23' title='bbox 350 462 388 504; x_wconf 89' lang='lat' dir='ltr'><strong>C</strong></span> <span class='ocrx_word' id='word_1_24' title='bbox 409 462 453 504; x_wconf 94' lang='lat' dir='ltr'>N</span> <span class='ocrx_word' id='word_1_25' title='bbox 472 463 563 504; x_wconf 73' lang='lat' dir='ltr'>,sint</span> <span class='ocrx_word' id='word_1_26' title='bbox 591 471 804 519; x_wconf 80' lang='lat' dir='ltr'>tangentes</span> <span class='ocrx_word' id='word_1_27' title='bbox 834 460 1106 503; x_wconf 59' lang='lat' dir='ltr'>letitudinum‘</span> <span class='ocrx_word' id='word_1_28' title='bbox 1125 461 1170 501; x_wconf 91' lang='lat' dir='ltr'>in</span> <span class='ocrx_word' id='word_1_29' title='bbox 1199 459 1485 502; x_wconf 71' lang='lat' dir='ltr'>observatione</span> <span class='ocrx_word' id='word_1_30' title='bbox 1504 459 1636 514; x_wconf 66' lang='lat' dir='ltr'>primii</span> <span class='ocrx_word' id='word_1_31' title='bbox 1657 460 1705 502; x_wconf 82' lang='lat' dir='ltr'>ac</span> <span class='ocrx_word' id='word_1_32' title='bbox 1725 459 1844 503; x_wconf 63' lang='lat' dir='ltr'>tertia</span> 
     </span>
     <span class='ocr_line' id='line_1_5' title="bbox 132 531 1844 591; baseline -0.001 -15"><span class='ocrx_word' id='word_1_33' title='bbox 132 535 186 576; x_wconf 87' lang='lat' dir='ltr'>ad</span> <span class='ocrx_word' id='word_1_34' title='bbox 206 534 344 576; x_wconf 82' lang='lat' dir='ltr'>radi&#39;os</span> <span class='ocrx_word' id='word_1_35' title='bbox 376 534 418 576; x_wconf 93' lang='lat' dir='ltr'>T</span> <span class='ocrx_word' id='word_1_36' title='bbox 438 535 480 576; x_wconf 91' lang='lat' dir='ltr'>A</span> <span class='ocrx_word' id='word_1_37' title='bbox 510 543 550 577; x_wconf 90' lang='lat' dir='ltr'>et</span> <span class='ocrx_word' id='word_1_38' title='bbox 579 552 601 574; x_wconf 74' lang='grc' dir='ltr'><strong><em>τ</em></strong></span> <span class='ocrx_word' id='word_1_39' title='bbox 621 535 670 577; x_wconf 90' lang='lat' dir='ltr'>C.</span> <span class='ocrx_word' id='word_1_40' title='bbox 729 535 936 591; x_wconf 78' lang='lat' dir='ltr'>Jungatur</span> <span class='ocrx_word' id='word_1_41' title='bbox 967 534 1019 575; x_wconf 92' lang='lat' dir='ltr'>M</span> <span class='ocrx_word' id='word_1_42' title='bbox 1040 534 1083 575; x_wconf 94' lang='lat' dir='ltr'>N</span> <span class='ocrx_word' id='word_1_43' title='bbox 1110 548 1251 574; x_wconf 81' lang='lat' dir='ltr'>secans</span> <span class='ocrx_word' id='word_1_44' title='bbox 1273 533 1295 574; x_wconf 98' lang='grc' dir='ltr'>Ι</span> <span class='ocrx_word' id='word_1_45' title='bbox 1318 532 1360 574; x_wconf 94' lang='lat' dir='ltr'>O</span> <span class='ocrx_word' id='word_1_46' title='bbox 1378 534 1422 573; x_wconf 91' lang='lat' dir='ltr'>in</span> <span class='ocrx_word' id='word_1_47' title='bbox 1443 531 1497 574; x_wconf 91' lang='lat' dir='ltr'>O.</span> <span class='ocrx_word' id='word_1_48' title='bbox 1561 534 1844 576; x_wconf 76' lang='lat' dir='ltr'>constituatur</span> 
     </span>
    </p>
   </div>
   <div class='ocr_carea' id='block_1_4' title="bbox 129 605 831 662">
    <p class='ocr_par' dir='ltr' id='par_1_4' title="bbox 129 605 831 662">
     <span class='ocr_line' id='line_1_6' title="bbox 129 605 831 662; baseline -0.001 -15"><span class='ocrx_word' id='word_1_49' title='bbox 129 605 416 662; x_wconf 83' lang='lat' dir='ltr'>rectangulum</span> <span class='ocrx_word' id='word_1_50' title='bbox 448 606 464 646; x_wconf 91' lang='lat' dir='ltr'>i</span> <span class='ocrx_word' id='word_1_51' title='bbox 484 605 507 647; x_wconf 97' lang='lat' dir='ltr'>I</span> <span class='ocrx_word' id='word_1_52' title='bbox 527 613 552 645; x_wconf 86' lang='grc' dir='ltr'>λ</span> <span class='ocrx_word' id='word_1_53' title='bbox 572 622 598 645; x_wconf 80' lang='grc' dir='ltr'>α</span> <span class='ocrx_word' id='word_1_54' title='bbox 623 614 673 652; x_wconf 82' lang='lat' dir='ltr'>nt</span> <span class='ocrx_word' id='word_1_55' title='bbox 703 606 831 661; x_wconf 80' lang='lat' dir='ltr'>prius.</span> 
     </span>
    </p>
   </div>
   <div class='ocr_carea' id='block_1_5' title="bbox 124 741 960 996">
    <p class='ocr_par' dir='ltr' id='par_1_5' title="bbox 124 741 960 996">
     <span class='ocr_line' id='line_1_7' title="bbox 126 741 959 780; baseline 0.001 -9"><span class='ocrx_word' id='word_1_56' title='bbox 126 746 231 772; x_wconf 80' lang='lat' dir='ltr'>tamen</span> <span class='ocrx_word' id='word_1_57' title='bbox 246 741 314 773; x_wconf 76' lang='lat' dir='ltr'>loca</span> <span class='ocrx_word' id='word_1_58' title='bbox 332 742 362 772; x_wconf 99' lang='lat' dir='ltr'><strong>A</strong></span> <span class='ocrx_word' id='word_1_59' title='bbox 377 748 408 773; x_wconf 84' lang='lat' dir='ltr'>et</span> <span class='ocrx_word' id='word_1_60' title='bbox 425 742 463 780; x_wconf 85' lang='lat' dir='ltr'>C,</span> <span class='ocrx_word' id='word_1_61' title='bbox 485 741 559 773; x_wconf 74' lang='lat' dir='ltr'>inde</span> <span class='ocrx_word' id='word_1_62' title='bbox 573 741 706 774; x_wconf 83' lang='lat' dir='ltr'>deducta</span> <span class='ocrx_word' id='word_1_63' title='bbox 720 753 783 773; x_wconf 90' lang='lat' dir='ltr'>non</span> <span class='ocrx_word' id='word_1_64' title='bbox 798 749 871 774; x_wconf 80' lang='lat' dir='ltr'>sunt</span> <span class='ocrx_word' id='word_1_65' title='bbox 886 743 959 774; x_wconf 77' lang='lat' dir='ltr'>satis</span> 
     </span>
     <span class='ocr_line' id='line_1_8' title="bbox 126 783 960 826; baseline 0.001 -12"><span class='ocrx_word' id='word_1_66' title='bbox 126 783 268 814; x_wconf 76' lang='lat' dir='ltr'>accurate</span> <span class='ocrx_word' id='word_1_67' title='bbox 283 784 342 814; x_wconf 82' lang='lat' dir='ltr'>defi</span> <span class='ocrx_word' id='word_1_68' title='bbox 348 786 421 822; x_wconf 78' lang='lat' dir='ltr'>nita,</span> <span class='ocrx_word' id='word_1_69' title='bbox 436 785 509 816; x_wconf 87' lang='lat' dir='ltr'>hinc</span> <span class='ocrx_word' id='word_1_70' title='bbox 523 785 660 816; x_wconf 82' lang='lat' dir='ltr'>adhiberi</span> <span class='ocrx_word' id='word_1_71' title='bbox 671 786 763 816; x_wconf 88' lang='lat' dir='ltr'>debet</span> <span class='ocrx_word' id='word_1_72' title='bbox 777 786 879 826; x_wconf 82' lang='lat' dir='ltr'>aliqua</span> <span class='ocrx_word' id='word_1_73' title='bbox 894 795 960 816; x_wconf 87' lang='lat' dir='ltr'>cor-</span> 
     </span>
     <span class='ocr_line' id='line_1_9' title="bbox 125 826 959 865; baseline 0.002 -9"><span class='ocrx_word' id='word_1_74' title='bbox 125 826 230 857; x_wconf 80' lang='lat' dir='ltr'><strong>rectio.</strong></span> <span class='ocrx_word' id='word_1_75' title='bbox 291 827 442 858; x_wconf 83' lang='lat' dir='ltr'>Manente</span> <span class='ocrx_word' id='word_1_76' title='bbox 478 828 704 858; x_wconf 83' lang='lat' dir='ltr'>constructione</span> <span class='ocrx_word' id='word_1_77' title='bbox 746 827 959 865; x_wconf 67' lang='lat' dir='ltr'>Newtonianai,</span> 
     </span>
     <span class='ocr_line' id='line_1_10' title="bbox 124 869 960 911; baseline 0.004 -13"><span class='ocrx_word' id='word_1_78' title='bbox 124 869 338 907; x_wconf 80' lang='lat' dir='ltr'>concipiantur</span> <span class='ocrx_word' id='word_1_79' title='bbox 351 869 483 901; x_wconf 80' lang='lat' dir='ltr'>demissa</span> <span class='ocrx_word' id='word_1_80' title='bbox 493 881 512 901; x_wconf 83' lang='lat' dir='ltr'>a</span> <span class='ocrx_word' id='word_1_81' title='bbox 525 870 655 911; x_wconf 86' lang='lat' dir='ltr'>singulis</span> <span class='ocrx_word' id='word_1_82' title='bbox 668 870 847 911; x_wconf 82' lang='lat' dir='ltr'>trajectoriae</span> <span class='ocrx_word' id='word_1_83' title='bbox 858 881 960 901; x_wconf 86' lang='lat' dir='ltr'>come-</span> 
     </span>
     <span class='ocr_line' id='line_1_11' title="bbox 125 910 959 952; baseline 0.005 -12"><span class='ocrx_word' id='word_1_84' title='bbox 125 910 195 941; x_wconf 81' lang='lat' dir='ltr'>ticae</span> <span class='ocrx_word' id='word_1_85' title='bbox 210 912 332 950; x_wconf 87' lang='lat' dir='ltr'>punctis</span> <span class='ocrx_word' id='word_1_86' title='bbox 353 912 572 951; x_wconf 86' lang='lat' dir='ltr'>perpendicula</span> <span class='ocrx_word' id='word_1_87' title='bbox 593 912 632 943; x_wconf 83' lang='lat' dir='ltr'>ad</span> <span class='ocrx_word' id='word_1_88' title='bbox 653 912 780 952; x_wconf 73' lang='lat' dir='ltr'>planum</span> <span class='ocrx_word' id='word_1_89' title='bbox 801 912 959 952; x_wconf 65' lang='lat' dir='ltr'>ecfipdoe,</span> 
     </span>
     <span class='ocr_line' id='line_1_12' title="bbox 125 953 957 996; baseline 0.005 -14"><span class='ocrx_word' id='word_1_90' title='bbox 125 953 278 992; x_wconf 82' lang='lat' dir='ltr'>praedictis</span> <span class='ocrx_word' id='word_1_91' title='bbox 292 954 517 993; x_wconf 80' lang='lat' dir='ltr'>perpendiculis</span> <span class='ocrx_word' id='word_1_92' title='bbox 531 955 564 984; x_wconf 90' lang='lat' dir='ltr'>in</span> <span class='ocrx_word' id='word_1_93' title='bbox 580 955 673 993; x_wconf 78' lang='lat' dir='ltr'>plano</span> <span class='ocrx_word' id='word_1_94' title='bbox 682 954 839 994; x_wconf 74' lang='lat' dir='ltr'>eclipficae,</span> <span class='ocrx_word' id='word_1_95' title='bbox 854 955 957 996; x_wconf 81' lang='lat' dir='ltr'>signa-</span> 
     </span>
    </p>
   </div>
   <div class='ocr_carea' id='block_1_6' title="bbox 124 995 973 1038">
    <p class='ocr_par' dir='ltr' id='par_1_6' title="bbox 124 995 973 1038">
     <span class='ocr_line' id='line_1_13' title="bbox 124 995 973 1038; baseline 0.005 -14"><span class='ocrx_word' id='word_1_96' title='bbox 124 995 206 1035; x_wconf 79' lang='lat' dir='ltr'>bitur</span> <span class='ocrx_word' id='word_1_97' title='bbox 217 1006 311 1025; x_wconf 78' lang='lat' dir='ltr'>curva</span> <span class='ocrx_word' id='word_1_98' title='bbox 324 997 498 1035; x_wconf 81' lang='lat' dir='ltr'>parabolica</span> <span class='ocrx_word' id='word_1_99' title='bbox 513 997 542 1027; x_wconf 89' lang='lat' dir='ltr'><strong>A</strong></span> <span class='ocrx_word' id='word_1_100' title='bbox 557 998 586 1027; x_wconf 87' lang='lat' dir='ltr'><strong>B</strong></span> <span class='ocrx_word' id='word_1_101' title='bbox 601 998 637 1032; x_wconf 91' lang='lat' dir='ltr'>C,</span> <span class='ocrx_word' id='word_1_102' title='bbox 649 998 739 1038; x_wconf 89' lang='lat' dir='ltr'>cujus</span> <span class='ocrx_word' id='word_1_103' title='bbox 749 997 915 1028; x_wconf 83' lang='lat' dir='ltr'>umbilicus</span> <span class='ocrx_word' id='word_1_104' title='bbox 929 999 973 1028; x_wconf 93' lang='lat' dir='ltr'>S..</span> 
     </span>
    </p>
   </div>
   <div class='ocr_carea' id='block_1_7' title="bbox 123 1037 959 1165">
    <p class='ocr_par' dir='ltr' id='par_1_7' title="bbox 123 1037 959 1165">
     <span class='ocr_line' id='line_1_14' title="bbox 126 1037 959 1079; baseline 0.004 -12"><span class='ocrx_word' id='word_1_105' title='bbox 126 1038 236 1078; x_wconf 87' lang='lat' dir='ltr'>Hujus</span> <span class='ocrx_word' id='word_1_106' title='bbox 250 1037 338 1068; x_wconf 70' lang='lat' dir='ltr'>arcus</span> <span class='ocrx_word' id='word_1_107' title='bbox 356 1039 385 1068; x_wconf 83' lang='lat' dir='ltr'><strong>A</strong></span> <span class='ocrx_word' id='word_1_108' title='bbox 406 1039 433 1069; x_wconf 93' lang='lat' dir='ltr'><strong>B</strong></span> <span class='ocrx_word' id='word_1_109' title='bbox 452 1040 489 1076; x_wconf 90' lang='lat' dir='ltr'>C,</span> <span class='ocrx_word' id='word_1_110' title='bbox 513 1040 602 1069; x_wconf 87' lang='lat' dir='ltr'>rectis</span> <span class='ocrx_word' id='word_1_111' title='bbox 618 1039 648 1070; x_wconf 93' lang='lat' dir='ltr'>T</span> <span class='ocrx_word' id='word_1_112' title='bbox 665 1041 707 1076; x_wconf 89' lang='lat' dir='ltr'>A,</span> <span class='ocrx_word' id='word_1_113' title='bbox 732 1040 761 1070; x_wconf 94' lang='lat' dir='ltr'>T</span> <span class='ocrx_word' id='word_1_114' title='bbox 779 1040 804 1071; x_wconf 92' lang='lat' dir='ltr'>C</span> <span class='ocrx_word' id='word_1_115' title='bbox 819 1050 959 1079; x_wconf 82' lang='lat' dir='ltr'>compre-</span> 
     </span>
     <span class='ocr_line' id='line_1_15' title="bbox 123 1080 959 1122; baseline 0.004 -13"><span class='ocrx_word' id='word_1_116' title='bbox 123 1080 210 1110; x_wconf 86' lang='lat' dir='ltr'>hensi</span> <span class='ocrx_word' id='word_1_117' title='bbox 226 1081 339 1110; x_wconf 77' lang='lat' dir='ltr'>chorda</span> <span class='ocrx_word' id='word_1_118' title='bbox 355 1088 400 1111; x_wconf 58' lang='lat' dir='ltr'>est</span> <span class='ocrx_word' id='word_1_119' title='bbox 413 1081 650 1122; x_wconf 77' lang='lat' dir='ltr'>quamproxime</span> <span class='ocrx_word' id='word_1_120' title='bbox 671 1088 754 1113; x_wconf 80' lang='lat' dir='ltr'>recta</span> <span class='ocrx_word' id='word_1_121' title='bbox 778 1083 804 1114; x_wconf 92' lang='lat' dir='ltr'><strong>C</strong></span> <span class='ocrx_word' id='word_1_122' title='bbox 823 1084 865 1119; x_wconf 80' lang='lat' dir='ltr'>A,</span> <span class='ocrx_word' id='word_1_123' title='bbox 887 1092 959 1122; x_wconf 77' lang='lat' dir='ltr'>quae</span> 
     </span>
     <span class='ocr_line' id='line_1_16' title="bbox 125 1120 958 1165; baseline 0.004 -13"><span class='ocrx_word' id='word_1_124' title='bbox 125 1121 267 1153; x_wconf 83' lang='lat' dir='ltr'>bifariam</span> <span class='ocrx_word' id='word_1_125' title='bbox 283 1122 430 1154; x_wconf 85' lang='lat' dir='ltr'>dividitur</span> <span class='ocrx_word' id='word_1_126' title='bbox 443 1124 476 1154; x_wconf 87' lang='lat' dir='ltr'>iu</span> <span class='ocrx_word' id='word_1_127' title='bbox 493 1120 523 1162; x_wconf 82' lang='grc' dir='ltr'>Ι,</span> <span class='ocrx_word' id='word_1_128' title='bbox 540 1125 592 1165; x_wconf 85' lang='lat' dir='ltr'>(ex</span> <span class='ocrx_word' id='word_1_129' title='bbox 607 1124 710 1164; x_wconf 88' lang='lat' dir='ltr'>dem.)</span> <span class='ocrx_word' id='word_1_130' title='bbox 748 1125 823 1156; x_wconf 84' lang='lat' dir='ltr'>Jam</span> <span class='ocrx_word' id='word_1_131' title='bbox 837 1123 910 1156; x_wconf 74' lang='lat' dir='ltr'>vero</span> <span class='ocrx_word' id='word_1_132' title='bbox 923 1125 958 1155; x_wconf 89' lang='lat' dir='ltr'>in</span> 
     </span>
    </p>
   </div>
   <div class='ocr_carea' id='block_1_8' title="bbox 161 1216 915 2651">
    <p class='ocr_par' dir='ltr' id='par_1_8' title="bbox 161 1216 915 2651">
     <span class='ocr_line' id='line_1_17' title="bbox 161 1216 915 2651; baseline 0 0"><span class='ocrx_word' id='word_1_133' title='bbox 161 1216 915 2651; x_wconf 95' lang='lat' dir='ltr'> </span> 
     </span>
    </p>
   </div>
   <div class='ocr_carea' id='block_1_9' title="bbox 705 2662 754 2698">
    <p class='ocr_par' dir='ltr' id='par_1_9' title="bbox 705 2662 754 2698">
     <span class='ocr_line' id='line_1_18' title="bbox 705 2662 754 2698; baseline 0 0"><span class='ocrx_word' id='word_1_134' title='bbox 705 2686 707 2689; x_wconf 82' lang='lat'>.</span> <span class='ocrx_word' id='word_1_135' title='bbox 724 2662 754 2698; x_wconf 68' lang='grc' dir='ltr'><strong>ς</strong></span> 
     </span>
    </p>
   </div>
   <div class='ocr_carea' id='block_1_10' title="bbox 119 2762 954 3182">
    <p class='ocr_par' dir='ltr' id='par_1_10' title="bbox 119 2762 954 3182">
     <span class='ocr_line' id='line_1_19' title="bbox 119 2762 951 2803; baseline -0.004 -9"><span class='ocrx_word' id='word_1_136' title='bbox 119 2763 267 2803; x_wconf 79' lang='lat' dir='ltr'>praedicto</span> <span class='ocrx_word' id='word_1_137' title='bbox 290 2773 364 2794; x_wconf 82' lang='lat' dir='ltr'>arcu</span> <span class='ocrx_word' id='word_1_138' title='bbox 389 2771 548 2803; x_wconf 80' lang='lat' dir='ltr'>sumptum</span> <span class='ocrx_word' id='word_1_139' title='bbox 572 2770 617 2793; x_wconf 82' lang='lat' dir='ltr'>cst</span> <span class='ocrx_word' id='word_1_140' title='bbox 643 2768 795 2802; x_wconf 86' lang='lat' dir='ltr'>punctum</span> <span class='ocrx_word' id='word_1_141' title='bbox 823 2762 859 2798; x_wconf 86' lang='grc' dir='ltr'>Β,</span> <span class='ocrx_word' id='word_1_142' title='bbox 887 2771 951 2792; x_wconf 89' lang='lat' dir='ltr'>non</span> 
     </span>
     <span class='ocr_line' id='line_1_20' title="bbox 119 2805 953 2847; baseline -0.004 -11"><span class='ocrx_word' id='word_1_143' title='bbox 119 2806 228 2845; x_wconf 82' lang='lat' dir='ltr'>procul</span> <span class='ocrx_word' id='word_1_144' title='bbox 252 2816 271 2836; x_wconf 83' lang='lat' dir='ltr'>a</span> <span class='ocrx_word' id='word_1_145' title='bbox 299 2806 410 2836; x_wconf 83' lang='lat' dir='ltr'>vertice</span> <span class='ocrx_word' id='word_1_146' title='bbox 435 2807 587 2847; x_wconf 81' lang='lat' dir='ltr'>segmenti</span> <span class='ocrx_word' id='word_1_147' title='bbox 614 2806 643 2836; x_wconf 90' lang='lat' dir='ltr'><strong>A</strong></span> <span class='ocrx_word' id='word_1_148' title='bbox 662 2806 689 2835; x_wconf 90' lang='lat' dir='ltr'>B</span> <span class='ocrx_word' id='word_1_149' title='bbox 708 2805 744 2841; x_wconf 91' lang='lat' dir='ltr'>C,</span> <span class='ocrx_word' id='word_1_150' title='bbox 768 2814 841 2834; x_wconf 83' lang='lat' dir='ltr'>nam</span> <span class='ocrx_word' id='word_1_151' title='bbox 863 2810 953 2842; x_wconf 76' lang='lat' dir='ltr'>capta</span> 
     </span>
     <span class='ocr_line' id='line_1_21' title="bbox 119 2844 954 2887; baseline -0.002 -9"><span class='ocrx_word' id='word_1_152' title='bbox 119 2855 193 2878; x_wconf 90' lang='lat' dir='ltr'>sunt</span> <span class='ocrx_word' id='word_1_153' title='bbox 207 2848 266 2878; x_wconf 78' lang='lat' dir='ltr'>tria</span> <span class='ocrx_word' id='word_1_154' title='bbox 286 2849 531 2879; x_wconf 74' lang='lat' dir='ltr'>observationum</span> <span class='ocrx_word' id='word_1_155' title='bbox 553 2855 691 2887; x_wconf 84' lang='lat' dir='ltr'>tempora</span> <span class='ocrx_word' id='word_1_156' title='bbox 706 2847 876 2887; x_wconf 77' lang='lat' dir='ltr'>aequalibus</span> <span class='ocrx_word' id='word_1_157' title='bbox 889 2844 954 2876; x_wconf 71' lang='lat' dir='ltr'>fere</span> 
     </span>
     <span class='ocr_line' id='line_1_22' title="bbox 119 2890 954 2926; baseline -0.004 -5"><span class='ocrx_word' id='word_1_158' title='bbox 119 2891 288 2921; x_wconf 80' lang='lat' dir='ltr'>intervallis</span> <span class='ocrx_word' id='word_1_159' title='bbox 311 2892 350 2921; x_wconf 76' lang='lat' dir='ltr'>ab</span> <span class='ocrx_word' id='word_1_160' title='bbox 375 2891 505 2920; x_wconf 87' lang='lat' dir='ltr'>invicem</span> <span class='ocrx_word' id='word_1_161' title='bbox 533 2890 686 2926; x_wconf 78' lang='lat' dir='ltr'>distantia,</span> <span class='ocrx_word' id='word_1_162' title='bbox 717 2891 760 2920; x_wconf 80' lang='lat' dir='ltr'>ita</span> <span class='ocrx_word' id='word_1_163' title='bbox 783 2895 887 2919; x_wconf 82' lang='lat' dir='ltr'>tamen</span> <span class='ocrx_word' id='word_1_164' title='bbox 916 2895 954 2918; x_wconf 86' lang='lat' dir='ltr'>ut</span> 
     </span>
     <span class='ocr_line' id='line_1_23' title="bbox 119 2931 953 2973; baseline -0.002 -10"><span class='ocrx_word' id='word_1_165' title='bbox 119 2939 242 2972; x_wconf 87' lang='lat' dir='ltr'>tempus</span> <span class='ocrx_word' id='word_1_166' title='bbox 256 2933 296 2963; x_wconf 83' lang='lat' dir='ltr'>sit</span> <span class='ocrx_word' id='word_1_167' title='bbox 310 2931 403 2971; x_wconf 75' lang='lat' dir='ltr'>paulo</span> <span class='ocrx_word' id='word_1_168' title='bbox 413 2934 513 2973; x_wconf 83' lang='lat' dir='ltr'>majus</span> <span class='ocrx_word' id='word_1_169' title='bbox 525 2933 577 2963; x_wconf 90' lang='lat' dir='ltr'>ubi</span> <span class='ocrx_word' id='word_1_170' title='bbox 588 2940 708 2963; x_wconf 88' lang='lat' dir='ltr'>cometa</span> <span class='ocrx_word' id='word_1_171' title='bbox 719 2931 837 2962; x_wconf 74' lang='lat' dir='ltr'>tardius</span> <span class='ocrx_word' id='word_1_172' title='bbox 846 2941 953 2961; x_wconf 87' lang='lat' dir='ltr'>move-</span> 
     </span>
     <span class='ocr_line' id='line_1_24' title="bbox 119 2973 954 3013; baseline -0.004 -7"><span class='ocrx_word' id='word_1_173' title='bbox 119 2982 180 3006; x_wconf 84' lang='lat' dir='ltr'>tur.</span> <span class='ocrx_word' id='word_1_174' title='bbox 229 2975 382 3006; x_wconf 78' lang='lat' dir='ltr'>Praeterea</span> <span class='ocrx_word' id='word_1_175' title='bbox 395 2975 489 3005; x_wconf 82' lang='lat' dir='ltr'>ducta</span> <span class='ocrx_word' id='word_1_176' title='bbox 503 2981 548 3005; x_wconf 84' lang='lat' dir='ltr'>est</span> <span class='ocrx_word' id='word_1_177' title='bbox 562 2981 644 3005; x_wconf 77' lang='lat' dir='ltr'>recta</span> <span class='ocrx_word' id='word_1_178' title='bbox 658 2975 698 3005; x_wconf 83' lang='lat' dir='ltr'>ad</span> <span class='ocrx_word' id='word_1_179' title='bbox 716 2975 742 3006; x_wconf 91' lang='lat' dir='ltr'><strong>C</strong></span> <span class='ocrx_word' id='word_1_180' title='bbox 760 2975 791 3005; x_wconf 84' lang='lat' dir='ltr'><strong>A</strong></span> <span class='ocrx_word' id='word_1_181' title='bbox 807 2973 954 3013; x_wconf 76' lang='lat' dir='ltr'>paranela</span> 
     </span>
     <span class='ocr_line' id='line_1_25' title="bbox 119 3016 952 3054; baseline -0.001 -7"><span class='ocrx_word' id='word_1_182' title='bbox 119 3028 304 3048; x_wconf 85' lang='lat' dir='ltr'>concurrens</span> <span class='ocrx_word' id='word_1_183' title='bbox 325 3018 356 3046; x_wconf 90' lang='lat' dir='ltr'>in</span> <span class='ocrx_word' id='word_1_184' title='bbox 379 3017 389 3046; x_wconf 92' lang='lat' dir='ltr'>i</span> <span class='ocrx_word' id='word_1_185' title='bbox 410 3027 482 3047; x_wconf 89' lang='lat' dir='ltr'>cum</span> <span class='ocrx_word' id='word_1_186' title='bbox 498 3017 626 3048; x_wconf 83' lang='lat' dir='ltr'>normali</span> <span class='ocrx_word' id='word_1_187' title='bbox 649 3016 750 3048; x_wconf 56' lang='lat' dir='ltr'>erecti</span> <span class='ocrx_word' id='word_1_188' title='bbox 763 3028 783 3047; x_wconf 75' lang='lat' dir='ltr'><strong>a</strong></span> <span class='ocrx_word' id='word_1_189' title='bbox 796 3023 912 3054; x_wconf 82' lang='lat' dir='ltr'>puncto</span> <span class='ocrx_word' id='word_1_190' title='bbox 934 3017 952 3047; x_wconf 97' lang='lat'>1</span> 
     </span>
     <span class='ocr_line' id='line_1_26' title="bbox 120 3059 951 3099; baseline -0.002 -9"><span class='ocrx_word' id='word_1_191' title='bbox 120 3059 160 3090; x_wconf 85' lang='lat' dir='ltr'>ad</span> <span class='ocrx_word' id='word_1_192' title='bbox 174 3067 287 3090; x_wconf 75' lang='lat' dir='ltr'>rectam</span> <span class='ocrx_word' id='word_1_193' title='bbox 306 3059 332 3090; x_wconf 91' lang='lat' dir='ltr'><strong>C</strong></span> <span class='ocrx_word' id='word_1_194' title='bbox 351 3060 391 3095; x_wconf 91' lang='lat' dir='ltr'>A,</span> <span class='ocrx_word' id='word_1_195' title='bbox 409 3059 579 3099; x_wconf 66' lang='lat' dir='ltr'>junctaque</span> <span class='ocrx_word' id='word_1_196' title='bbox 600 3066 645 3090; x_wconf 85' lang='lat' dir='ltr'>est</span> <span class='ocrx_word' id='word_1_197' title='bbox 663 3070 769 3090; x_wconf 79' lang='lat' dir='ltr'>secans</span> <span class='ocrx_word' id='word_1_198' title='bbox 786 3059 843 3096; x_wconf 89' lang='lat' dir='ltr'>Si,</span> <span class='ocrx_word' id='word_1_199' title='bbox 866 3068 951 3089; x_wconf 91' lang='lat' dir='ltr'>com-</span> 
     </span>
     <span class='ocr_line' id='line_1_27' title="bbox 121 3101 954 3142; baseline 0.002 -12"><span class='ocrx_word' id='word_1_200' title='bbox 121 3102 299 3142; x_wconf 87' lang='lat' dir='ltr'>pletumque</span> <span class='ocrx_word' id='word_1_201' title='bbox 324 3101 646 3141; x_wconf 85' lang='lat' dir='ltr'><strong>parallelogrammum</strong></span> <span class='ocrx_word' id='word_1_202' title='bbox 668 3102 680 3131; x_wconf 89' lang='lat' dir='ltr'>i</span> <span class='ocrx_word' id='word_1_203' title='bbox 707 3102 724 3132; x_wconf 91' lang='lat'><em>1</em></span> <span class='ocrx_word' id='word_1_204' title='bbox 746 3109 768 3133; x_wconf 83' lang='grc' dir='ltr'><strong>λ</strong></span> <span class='ocrx_word' id='word_1_205' title='bbox 789 3115 824 3140; x_wconf 79' lang='grc' dir='ltr'>μ.</span> <span class='ocrx_word' id='word_1_206' title='bbox 869 3101 954 3136; x_wconf 77' lang='lat' dir='ltr'>Quia</span> 
     </span>
     <span class='ocr_line' id='line_1_28' title="bbox 122 3143 953 3182; baseline 0.002 -9"><span class='ocrx_word' id='word_1_207' title='bbox 122 3143 192 3174; x_wconf 77' lang='lat' dir='ltr'>vero</span> <span class='ocrx_word' id='word_1_208' title='bbox 207 3150 346 3182; x_wconf 49' lang='lat' dir='ltr'>respectu</span> <span class='ocrx_word' id='word_1_209' title='bbox 361 3145 520 3174; x_wconf 81' lang='lat' dir='ltr'>immensae</span> <span class='ocrx_word' id='word_1_210' title='bbox 537 3143 616 3176; x_wconf 78' lang='lat' dir='ltr'>Solis</span> <span class='ocrx_word' id='word_1_211' title='bbox 629 3144 791 3182; x_wconf 78' lang='lat' dir='ltr'>distantiae,</span> <span class='ocrx_word' id='word_1_212' title='bbox 797 3144 953 3175; x_wconf 82' lang='lat' dir='ltr'>&#39;evanescit</span> 
     </span>
    </p>
   </div>
   <div class='ocr_carea' id='block_1_11' title="bbox 973 2964 1257 2995">
    <p class='ocr_par' dir='ltr' id='par_1_11' title="bbox 973 2964 1257 2995">
     <span class='ocr_line' id='line_1_29' title="bbox 973 2964 1257 2995; baseline 0.004 -1"><span class='ocrx_word' id='word_1_213' title='bbox 973 2982 979 2988; x_wconf 92' lang='lat'><strong>·</strong></span> <span class='ocrx_word' id='word_1_214' title='bbox 995 2974 1016 2994; x_wconf 87' lang='lat' dir='ltr'>a</span> <span class='ocrx_word' id='word_1_215' title='bbox 1039 2964 1110 2994; x_wconf 87' lang='lat' dir='ltr'>Sole</span> <span class='ocrx_word' id='word_1_216' title='bbox 1130 2965 1257 2995; x_wconf 87' lang='lat' dir='ltr'>obtinet.</span> 
     </span>
    </p>
   </div>
   <div class='ocr_carea' id='block_1_12' title="bbox 893 603 1841 662">
    <p class='ocr_par' dir='ltr' id='par_1_12' title="bbox 893 603 1841 662">
     <span class='ocr_line' id='line_1_30' title="bbox 893 603 1841 662; baseline 0.001 -16"><span class='ocrx_word' id='word_1_217' title='bbox 893 606 944 646; x_wconf 89' lang='lat' dir='ltr'>In</span> <span class='ocrx_word' id='word_1_218' title='bbox 979 605 1001 646; x_wconf 96' lang='lat' dir='ltr'>I</span> <span class='ocrx_word' id='word_1_219' title='bbox 1024 605 1064 646; x_wconf 89' lang='lat' dir='ltr'><strong>A</strong></span> <span class='ocrx_word' id='word_1_220' title='bbox 1095 604 1298 659; x_wconf 70' lang='lat' dir='ltr'>productfi</span> <span class='ocrx_word' id='word_1_221' title='bbox 1330 603 1516 659; x_wconf 86' lang='lat' dir='ltr'>capiatur</span> <span class='ocrx_word' id='word_1_222' title='bbox 1550 605 1572 646; x_wconf 97' lang='lat' dir='ltr'>I</span> <span class='ocrx_word' id='word_1_223' title='bbox 1592 605 1637 648; x_wconf 94' lang='lat' dir='ltr'><strong>D</strong></span> <span class='ocrx_word' id='word_1_224' title='bbox 1672 606 1841 662; x_wconf 82' lang='lat' dir='ltr'>aequalis</span> 
     </span>
    </p>
   </div>
   <div class='ocr_carea' id='block_1_13' title="bbox 1003 741 1840 867">
    <p class='ocr_par' dir='ltr' id='par_1_13' title="bbox 1003 741 1840 867">
     <span class='ocr_line' id='line_1_31' title="bbox 1004 741 1839 782; baseline -0.001 -9"><span class='ocrx_word' id='word_1_225' title='bbox 1004 741 1147 773; x_wconf 70' lang='lat' dir='ltr'>distantia</span> <span class='ocrx_word' id='word_1_226' title='bbox 1169 747 1355 782; x_wconf 84' lang='lat' dir='ltr'>punctorum</span> <span class='ocrx_word' id='word_1_227' title='bbox 1379 741 1410 779; x_wconf 83' lang='grc' dir='ltr'>Ι,</span> <span class='ocrx_word' id='word_1_228' title='bbox 1436 753 1482 781; x_wconf 71' lang='grc' dir='ltr'>μς</span> <span class='ocrx_word' id='word_1_229' title='bbox 1517 741 1575 773; x_wconf 85' lang='lat' dir='ltr'>erit</span> <span class='ocrx_word' id='word_1_230' title='bbox 1602 755 1622 772; x_wconf 70' lang='lat' dir='ltr'><em>a</em></span> <span class='ocrx_word' id='word_1_231' title='bbox 1647 741 1712 772; x_wconf 72' lang='lat' dir='ltr'>fere</span> <span class='ocrx_word' id='word_1_232' title='bbox 1735 747 1839 772; x_wconf 82' lang='lat' dir='ltr'>vertex</span> 
     </span>
     <span class='ocr_line' id='line_1_32' title="bbox 1004 784 1838 826; baseline -0.001 -11"><span class='ocrx_word' id='word_1_233' title='bbox 1004 785 1156 826; x_wconf 72' lang='lat' dir='ltr'>segmenti</span> <span class='ocrx_word' id='word_1_234' title='bbox 1174 786 1204 815; x_wconf 90' lang='lat' dir='ltr'>A</span> <span class='ocrx_word' id='word_1_235' title='bbox 1223 785 1252 815; x_wconf 93' lang='lat' dir='ltr'>B</span> <span class='ocrx_word' id='word_1_236' title='bbox 1271 785 1308 815; x_wconf 89' lang='lat' dir='ltr'>C.</span> <span class='ocrx_word' id='word_1_237' title='bbox 1355 784 1517 823; x_wconf 75' lang='lat' dir='ltr'>Jungatur</span> <span class='ocrx_word' id='word_1_238' title='bbox 1534 799 1559 824; x_wconf 81' lang='grc' dir='ltr'>μ</span> <span class='ocrx_word' id='word_1_239' title='bbox 1576 785 1608 821; x_wconf 91' lang='lat' dir='ltr'>S,</span> <span class='ocrx_word' id='word_1_240' title='bbox 1630 794 1736 814; x_wconf 84' lang='lat' dir='ltr'>secans</span> <span class='ocrx_word' id='word_1_241' title='bbox 1749 785 1838 814; x_wconf 86' lang='lat' dir='ltr'>chor-</span> 
     </span>
     <span class='ocr_line' id='line_1_33' title="bbox 1003 826 1840 867; baseline -0.001 -10"><span class='ocrx_word' id='word_1_242' title='bbox 1003 827 1075 858; x_wconf 82' lang='lat' dir='ltr'>dam</span> <span class='ocrx_word' id='word_1_243' title='bbox 1095 828 1123 858; x_wconf 93' lang='lat' dir='ltr'><strong>A</strong></span> <span class='ocrx_word' id='word_1_244' title='bbox 1142 828 1169 859; x_wconf 91' lang='lat' dir='ltr'><strong>C</strong></span> <span class='ocrx_word' id='word_1_245' title='bbox 1185 827 1217 857; x_wconf 88' lang='lat' dir='ltr'>in</span> <span class='ocrx_word' id='word_1_246' title='bbox 1234 827 1274 862; x_wconf 85' lang='lat' dir='ltr'>Y,</span> <span class='ocrx_word' id='word_1_247' title='bbox 1298 826 1355 857; x_wconf 80' lang='lat' dir='ltr'>erit</span> <span class='ocrx_word' id='word_1_248' title='bbox 1375 840 1400 867; x_wconf 76' lang='grc' dir='ltr'>μ</span> <span class='ocrx_word' id='word_1_249' title='bbox 1417 827 1458 862; x_wconf 86' lang='lat' dir='ltr'>Y,</span> <span class='ocrx_word' id='word_1_250' title='bbox 1480 827 1545 857; x_wconf 86' lang='lat' dir='ltr'>fere</span> <span class='ocrx_word' id='word_1_251' title='bbox 1559 826 1705 865; x_wconf 78' lang='lat' dir='ltr'>parallela</span> <span class='ocrx_word' id='word_1_252' title='bbox 1719 826 1729 856; x_wconf 90' lang='lat' dir='ltr'>i</span> <span class='ocrx_word' id='word_1_253' title='bbox 1742 834 1775 863; x_wconf 62' lang='lat' dir='ltr'><strong>a,</strong></span> <span class='ocrx_word' id='word_1_254' title='bbox 1799 828 1840 856; x_wconf 86' lang='lat' dir='ltr'>ob</span> 
     </span>
    </p>
   </div>
   <div class='ocr_carea' id='block_1_14' title="bbox 987 866 1838 909">
    <p class='ocr_par' dir='ltr' id='par_1_14' title="bbox 987 866 1838 909">
     <span class='ocr_line' id='line_1_34' title="bbox 987 866 1838 909; baseline -0.001 -10"><span class='ocrx_word' id='word_1_255' title='bbox 987 869 1185 900; x_wconf 58' lang='lat' dir='ltr'>*immensam</span> <span class='ocrx_word' id='word_1_256' title='bbox 1210 869 1318 909; x_wconf 85' lang='lat' dir='ltr'>puncti</span> <span class='ocrx_word' id='word_1_257' title='bbox 1346 869 1368 900; x_wconf 93' lang='lat' dir='ltr'>S</span> <span class='ocrx_word' id='word_1_258' title='bbox 1393 868 1580 906; x_wconf 74' lang='lat' dir='ltr'>distantiam,</span> <span class='ocrx_word' id='word_1_259' title='bbox 1605 867 1737 909; x_wconf 71' lang='lat' dir='ltr'>ideoque</span> <span class='ocrx_word' id='word_1_260' title='bbox 1759 866 1838 904; x_wconf 59' lang='lat' dir='ltr'>AY,</span> 
     </span>
    </p>
   </div>
   <div class='ocr_carea' id='block_1_15' title="bbox 995 910 1838 1799">
    <p class='ocr_par' dir='ltr' id='par_1_15' title="bbox 995 910 1838 1799">
     <span class='ocr_line' id='line_1_35' title="bbox 1002 910 1838 952; baseline -0.002 -10"><span class='ocrx_word' id='word_1_261' title='bbox 1002 911 1129 952; x_wconf 81' lang='lat' dir='ltr'>oequalis</span> <span class='ocrx_word' id='word_1_262' title='bbox 1142 919 1233 942; x_wconf 85' lang='lat' dir='ltr'>rectae</span> <span class='ocrx_word' id='word_1_263' title='bbox 1258 912 1269 941; x_wconf 85' lang='lat' dir='ltr'>i</span> <span class='ocrx_word' id='word_1_264' title='bbox 1282 925 1317 951; x_wconf 78' lang='grc' dir='ltr'>μ,</span> <span class='ocrx_word' id='word_1_265' title='bbox 1343 921 1380 942; x_wconf 74' lang='lat' dir='ltr'>ac</span> <span class='ocrx_word' id='word_1_266' title='bbox 1402 910 1530 950; x_wconf 71' lang='lat' dir='ltr'>proinde</span> <span class='ocrx_word' id='word_1_267' title='bbox 1544 918 1575 942; x_wconf 93' lang='lat' dir='ltr'>et</span> <span class='ocrx_word' id='word_1_268' title='bbox 1593 911 1650 950; x_wconf 88' lang='lat' dir='ltr'>ipsi</span> <span class='ocrx_word' id='word_1_269' title='bbox 1666 912 1684 943; x_wconf 94' lang='grc' dir='ltr'>Ι</span> <span class='ocrx_word' id='word_1_270' title='bbox 1698 918 1728 941; x_wconf 80' lang='grc' dir='ltr'>λ.</span> <span class='ocrx_word' id='word_1_271' title='bbox 1777 911 1838 941; x_wconf 78' lang='lat' dir='ltr'>Sed</span> 
     </span>
     <span class='ocr_line' id='line_1_36' title="bbox 1004 953 1834 995; baseline -0.001 -11"><span class='ocrx_word' id='word_1_272' title='bbox 1004 956 1058 995; x_wconf 86' lang='lat' dir='ltr'>(ex</span> <span class='ocrx_word' id='word_1_273' title='bbox 1083 954 1212 994; x_wconf 82' lang='lat' dir='ltr'>constr.)</span> <span class='ocrx_word' id='word_1_274' title='bbox 1239 954 1257 984; x_wconf 94' lang='grc' dir='ltr'>Ι</span> <span class='ocrx_word' id='word_1_275' title='bbox 1281 966 1299 984; x_wconf 73' lang='lat' dir='ltr'><em>a</em></span> <span class='ocrx_word' id='word_1_276' title='bbox 1321 959 1444 993; x_wconf 78' lang='lat' dir='ltr'>sumpta</span> <span class='ocrx_word' id='word_1_277' title='bbox 1466 959 1512 984; x_wconf 88' lang='lat' dir='ltr'>est</span> <span class='ocrx_word' id='word_1_278' title='bbox 1534 953 1626 992; x_wconf 87' lang='lat' dir='ltr'>tripla</span> <span class='ocrx_word' id='word_1_279' title='bbox 1650 953 1746 991; x_wconf 85' lang='lat' dir='ltr'>ipsius</span> <span class='ocrx_word' id='word_1_280' title='bbox 1763 953 1782 984; x_wconf 95' lang='lat' dir='ltr'>I</span> <span class='ocrx_word' id='word_1_281' title='bbox 1804 960 1834 990; x_wconf 85' lang='grc' dir='ltr'>λ,</span> 
     </span>
     <span class='ocr_line' id='line_1_37' title="bbox 1003 992 1834 1037; baseline 0 -11"><span class='ocrx_word' id='word_1_282' title='bbox 1003 995 1099 1037; x_wconf 73' lang='lat' dir='ltr'>quare</span> <span class='ocrx_word' id='word_1_283' title='bbox 1114 1003 1160 1027; x_wconf 87' lang='lat' dir='ltr'>est</span> <span class='ocrx_word' id='word_1_284' title='bbox 1174 997 1266 1027; x_wconf 83' lang='lat' dir='ltr'>etiam</span> <span class='ocrx_word' id='word_1_285' title='bbox 1281 996 1374 1035; x_wconf 79' lang='lat' dir='ltr'>tripla</span> <span class='ocrx_word' id='word_1_286' title='bbox 1388 996 1484 1035; x_wconf 80' lang='lat' dir='ltr'>ipsius</span> <span class='ocrx_word' id='word_1_287' title='bbox 1498 1003 1521 1027; x_wconf 75' lang='grc' dir='ltr'>λ</span> <span class='ocrx_word' id='word_1_288' title='bbox 1533 992 1563 1023; x_wconf 87' lang='lat' dir='ltr'>Y</span> <span class='ocrx_word' id='word_1_289' title='bbox 1574 1002 1606 1026; x_wconf 87' lang='lat' dir='ltr'>et</span> <span class='ocrx_word' id='word_1_290' title='bbox 1619 995 1745 1035; x_wconf 83' lang='lat' dir='ltr'>reliquae</span> <span class='ocrx_word' id='word_1_291' title='bbox 1762 995 1791 1025; x_wconf 82' lang='lat' dir='ltr'>Y</span> <span class='ocrx_word' id='word_1_292' title='bbox 1806 1007 1834 1033; x_wconf 72' lang='lat' dir='ltr'>e,</span> 
     </span>
     <span class='ocr_line' id='line_1_38' title="bbox 1001 1037 1834 1080; baseline -0.001 -12"><span class='ocrx_word' id='word_1_293' title='bbox 1001 1037 1134 1079; x_wconf 71' lang='lat' dir='ltr'>ideoque</span> <span class='ocrx_word' id='word_1_294' title='bbox 1145 1039 1253 1080; x_wconf 80' lang='lat' dir='ltr'>juncta</span> <span class='ocrx_word' id='word_1_295' title='bbox 1268 1051 1287 1069; x_wconf 75' lang='lat' dir='ltr'>c</span> <span class='ocrx_word' id='word_1_296' title='bbox 1303 1039 1335 1075; x_wconf 90' lang='lat' dir='ltr'>S,</span> <span class='ocrx_word' id='word_1_297' title='bbox 1359 1039 1460 1080; x_wconf 81' lang='lat'>(165.)</span> <span class='ocrx_word' id='word_1_298' title='bbox 1484 1048 1519 1068; x_wconf 80' lang='lat' dir='ltr'>ea</span> <span class='ocrx_word' id='word_1_299' title='bbox 1534 1038 1599 1078; x_wconf 80' lang='lat' dir='ltr'>ipsa</span> <span class='ocrx_word' id='word_1_300' title='bbox 1612 1043 1658 1068; x_wconf 86' lang='lat' dir='ltr'>est</span> <span class='ocrx_word' id='word_1_301' title='bbox 1672 1044 1754 1068; x_wconf 83' lang='lat' dir='ltr'>recta</span> <span class='ocrx_word' id='word_1_302' title='bbox 1767 1050 1786 1067; x_wconf 77' lang='lat' dir='ltr'>e</span> <span class='ocrx_word' id='word_1_303' title='bbox 1803 1038 1834 1074; x_wconf 91' lang='lat' dir='ltr'>S,</span> 
     </span>
     <span class='ocr_line' id='line_1_39' title="bbox 1001 1080 1837 1121; baseline -0.002 -9"><span class='ocrx_word' id='word_1_304' title='bbox 1001 1091 1073 1121; x_wconf 79' lang='lat' dir='ltr'>quae</span> <span class='ocrx_word' id='word_1_305' title='bbox 1095 1082 1254 1111; x_wconf 79' lang='lat' dir='ltr'>exhibetur</span> <span class='ocrx_word' id='word_1_306' title='bbox 1274 1081 1308 1110; x_wconf 91' lang='lat' dir='ltr'>in</span> <span class='ocrx_word' id='word_1_307' title='bbox 1331 1080 1421 1111; x_wconf 85' lang='lat' dir='ltr'>Lem.</span> <span class='ocrx_word' id='word_1_308' title='bbox 1441 1080 1545 1111; x_wconf 89' lang='lat' dir='ltr'>VIII.</span> <span class='ocrx_word' id='word_1_309' title='bbox 1568 1080 1600 1111; x_wconf 91' lang='lat' dir='ltr'>id</span> <span class='ocrx_word' id='word_1_310' title='bbox 1621 1086 1677 1117; x_wconf 87' lang='lat' dir='ltr'>est,</span> <span class='ocrx_word' id='word_1_311' title='bbox 1699 1080 1732 1110; x_wconf 93' lang='lat' dir='ltr'>in</span> <span class='ocrx_word' id='word_1_312' title='bbox 1754 1080 1837 1110; x_wconf 67' lang='lat' dir='ltr'>recta</span> 
     </span>
     <span class='ocr_line' id='line_1_40' title="bbox 1001 1122 1836 1163; baseline -0.002 -9"><span class='ocrx_word' id='word_1_313' title='bbox 1001 1136 1020 1154; x_wconf 77' lang='lat' dir='ltr'>e</span> <span class='ocrx_word' id='word_1_314' title='bbox 1037 1125 1068 1161; x_wconf 93' lang='lat' dir='ltr'>S,</span> <span class='ocrx_word' id='word_1_315' title='bbox 1092 1123 1240 1163; x_wconf 75' lang='lat' dir='ltr'>producta</span> <span class='ocrx_word' id='word_1_316' title='bbox 1254 1133 1358 1154; x_wconf 77' lang='lat' dir='ltr'>versus</span> <span class='ocrx_word' id='word_1_317' title='bbox 1374 1123 1405 1159; x_wconf 88' lang='lat' dir='ltr'>S,</span> <span class='ocrx_word' id='word_1_318' title='bbox 1428 1122 1577 1162; x_wconf 78' lang='lat' dir='ltr'>reperitur</span> <span class='ocrx_word' id='word_1_319' title='bbox 1598 1129 1750 1162; x_wconf 89' lang='lat' dir='ltr'>punctum</span> <span class='ocrx_word' id='word_1_320' title='bbox 1769 1123 1794 1160; x_wconf 79' lang='grc' dir='ltr'>ξ,</span> <span class='ocrx_word' id='word_1_321' title='bbox 1817 1133 1836 1152; x_wconf 80' lang='lat' dir='ltr'><strong>a</strong></span> 
     </span>
     <span class='ocr_line' id='line_1_41' title="bbox 1000 1164 1835 1206; baseline -0.004 -9"><span class='ocrx_word' id='word_1_322' title='bbox 1000 1176 1065 1206; x_wconf 84' lang='lat' dir='ltr'>quo</span> <span class='ocrx_word' id='word_1_323' title='bbox 1078 1166 1171 1197; x_wconf 82' lang='lat' dir='ltr'>ducta</span> <span class='ocrx_word' id='word_1_324' title='bbox 1184 1166 1301 1205; x_wconf 87' lang='lat' dir='ltr'>quaevis</span> <span class='ocrx_word' id='word_1_325' title='bbox 1315 1171 1397 1195; x_wconf 85' lang='lat' dir='ltr'>recta</span> <span class='ocrx_word' id='word_1_326' title='bbox 1412 1164 1557 1195; x_wconf 85' lang='lat' dir='ltr'><strong>chordam</strong></span> <span class='ocrx_word' id='word_1_327' title='bbox 1575 1166 1605 1195; x_wconf 92' lang='lat' dir='ltr'><strong>A</strong></span> <span class='ocrx_word' id='word_1_328' title='bbox 1625 1165 1651 1196; x_wconf 91' lang='lat' dir='ltr'><strong>C</strong></span> <span class='ocrx_word' id='word_1_329' title='bbox 1667 1174 1835 1204; x_wconf 79' lang='lat' dir='ltr'>arcumque</span> 
     </span>
     <span class='ocr_line' id='line_1_42' title="bbox 1004 1207 1835 1247; baseline -0.004 -8"><span class='ocrx_word' id='word_1_330' title='bbox 1004 1208 1031 1239; x_wconf 86' lang='lat' dir='ltr'><strong>C</strong></span> <span class='ocrx_word' id='word_1_331' title='bbox 1050 1209 1078 1239; x_wconf 93' lang='grc' dir='ltr'>Β</span> <span class='ocrx_word' id='word_1_332' title='bbox 1098 1210 1127 1239; x_wconf 84' lang='lat' dir='ltr'><strong>A</strong></span> <span class='ocrx_word' id='word_1_333' title='bbox 1150 1218 1264 1244; x_wconf 68' lang='lat' dir='ltr'>secam,</span> <span class='ocrx_word' id='word_1_334' title='bbox 1286 1207 1430 1238; x_wconf 84' lang='lat' dir='ltr'>chordam</span> <span class='ocrx_word' id='word_1_335' title='bbox 1451 1213 1533 1238; x_wconf 72' lang='lat' dir='ltr'>semt</span> <span class='ocrx_word' id='word_1_336' title='bbox 1544 1207 1578 1246; x_wconf 82' lang='lat' dir='ltr'>in</span> <span class='ocrx_word' id='word_1_337' title='bbox 1593 1213 1752 1247; x_wconf 80' lang='lat' dir='ltr'>segmenta</span> <span class='ocrx_word' id='word_1_338' title='bbox 1765 1217 1835 1246; x_wconf 83' lang='lat' dir='ltr'>quae</span> 
     </span>
     <span class='ocr_line' id='line_1_43' title="bbox 1001 1249 1835 1290; baseline -0.002 -10"><span class='ocrx_word' id='word_1_339' title='bbox 1001 1250 1130 1281; x_wconf 79' lang='lat' dir='ltr'>eandem</span> <span class='ocrx_word' id='word_1_340' title='bbox 1145 1251 1258 1283; x_wconf 84' lang='lat' dir='ltr'>babent</span> <span class='ocrx_word' id='word_1_341' title='bbox 1271 1249 1422 1280; x_wconf 86' lang='lat' dir='ltr'>rationem</span> <span class='ocrx_word' id='word_1_342' title='bbox 1437 1259 1508 1280; x_wconf 84' lang='lat' dir='ltr'>cum</span> <span class='ocrx_word' id='word_1_343' title='bbox 1524 1249 1713 1288; x_wconf 82' lang='lat' dir='ltr'>temporibus</span> <span class='ocrx_word' id='word_1_344' title='bbox 1722 1249 1835 1290; x_wconf 90' lang='lat' dir='ltr'>quibus</span> 
     </span>
     <span class='ocr_line' id='line_1_44' title="bbox 999 1291 1835 1332; baseline 0 -10"><span class='ocrx_word' id='word_1_345' title='bbox 999 1293 1219 1332; x_wconf 64' lang='lat' dir='ltr'>respondentes</span> <span class='ocrx_word' id='word_1_346' title='bbox 1233 1302 1321 1323; x_wconf 87' lang='lat' dir='ltr'>arcus</span> <span class='ocrx_word' id='word_1_347' title='bbox 1334 1303 1354 1322; x_wconf 80' lang='lat' dir='ltr'>a</span> <span class='ocrx_word' id='word_1_348' title='bbox 1367 1291 1487 1322; x_wconf 53' lang='lat' dir='ltr'>comet&amp;</span> <span class='ocrx_word' id='word_1_349' title='bbox 1501 1293 1724 1322; x_wconf 86' lang='lat' dir='ltr'>describuntur.</span> <span class='ocrx_word' id='word_1_350' title='bbox 1738 1329 1740 1332; x_wconf 91' lang='lat'>.</span> <span class='ocrx_word' id='word_1_351' title='bbox 1773 1291 1835 1322; x_wconf 79' lang='lat' dir='ltr'>Sed</span> 
     </span>
     <span class='ocr_line' id='line_1_45' title="bbox 1002 1333 1833 1376; baseline -0.002 -11"><span class='ocrx_word' id='word_1_352' title='bbox 1002 1335 1354 1376; x_wconf 61' lang='lat' dir='ltr'>(exconstr.)o·5=3</span> <span class='ocrx_word' id='word_1_353' title='bbox 1374 1334 1483 1375; x_wconf 71' lang='lat' dir='ltr'>Se÷</span> <span class='ocrx_word' id='word_1_354' title='bbox 1501 1333 1833 1372; x_wconf 51' lang='lat' dir='ltr'>Sizeti7t=lffi</span> 
     </span>
     <span class='ocr_line' id='line_1_46' title="bbox 1000 1375 1834 1417; baseline -0.004 -9"><span class='ocrx_word' id='word_1_355' title='bbox 1000 1385 1073 1408; x_wconf 85' lang='lat' dir='ltr'>suut</span> <span class='ocrx_word' id='word_1_356' title='bbox 1087 1378 1170 1408; x_wconf 88' lang='lat' dir='ltr'>enim</span> <span class='ocrx_word' id='word_1_357' title='bbox 1185 1384 1275 1408; x_wconf 79' lang='lat' dir='ltr'>rectae</span> <span class='ocrx_word' id='word_1_358' title='bbox 1289 1377 1300 1406; x_wconf 93' lang='lat' dir='ltr'>i</span> <span class='ocrx_word' id='word_1_359' title='bbox 1312 1384 1343 1414; x_wconf 78' lang='grc' dir='ltr'>λ,</span> <span class='ocrx_word' id='word_1_360' title='bbox 1362 1377 1379 1407; x_wconf 94' lang='grc' dir='ltr'>Ι</span> <span class='ocrx_word' id='word_1_361' title='bbox 1391 1390 1414 1415; x_wconf 78' lang='grc' dir='ltr'><em>μ</em></span> <span class='ocrx_word' id='word_1_362' title='bbox 1425 1376 1567 1407; x_wconf 81' lang='lat' dir='ltr'>diametri</span> <span class='ocrx_word' id='word_1_363' title='bbox 1582 1375 1720 1417; x_wconf 88' lang='lat' dir='ltr'>ejusdem</span> <span class='ocrx_word' id='word_1_364' title='bbox 1734 1376 1834 1415; x_wconf 85' lang='lat' dir='ltr'>paral-</span> 
     </span>
     <span class='ocr_line' id='line_1_47' title="bbox 998 1418 1835 1461; baseline -0.001 -12"><span class='ocrx_word' id='word_1_365' title='bbox 998 1419 1192 1461; x_wconf 84' lang='lat' dir='ltr'>lelogrammi</span> <span class='ocrx_word' id='word_1_366' title='bbox 1207 1419 1386 1459; x_wconf 66' lang='lat' dir='ltr'>rectangulL</span> <span class='ocrx_word' id='word_1_367' title='bbox 1403 1418 1475 1449; x_wconf 90' lang='lat' dir='ltr'>hinc</span> <span class='ocrx_word' id='word_1_368' title='bbox 1490 1419 1588 1456; x_wconf 57' lang='grc' dir='ltr'>αξξ</span> <span class='ocrx_word' id='word_1_369' title='bbox 1601 1423 1620 1449; x_wconf 82' lang='grc'>3</span> <span class='ocrx_word' id='word_1_370' title='bbox 1630 1431 1648 1449; x_wconf 79' lang='lat' dir='ltr'>e</span> <span class='ocrx_word' id='word_1_371' title='bbox 1659 1419 1680 1448; x_wconf 94' lang='lat' dir='ltr'><strong>S</strong></span> <span class='ocrx_word' id='word_1_372' title='bbox 1689 1418 1732 1460; x_wconf 77' lang='grc' dir='ltr'>-Ι-</span> <span class='ocrx_word' id='word_1_373' title='bbox 1741 1422 1760 1448; x_wconf 85' lang='grc'>3</span> <span class='ocrx_word' id='word_1_374' title='bbox 1774 1418 1790 1448; x_wconf 94' lang='lat'>1</span> <span class='ocrx_word' id='word_1_375' title='bbox 1800 1432 1835 1458; x_wconf 79' lang='grc' dir='ltr'>μ.</span> 
     </span>
     <span class='ocr_line' id='line_1_48' title="bbox 1002 1459 1835 1503; baseline -0.001 -11"><span class='ocrx_word' id='word_1_376' title='bbox 1002 1462 1110 1497; x_wconf 74' lang='lat' dir='ltr'>Quare</span> <span class='ocrx_word' id='word_1_377' title='bbox 1125 1462 1231 1503; x_wconf 83' lang='lat'>(140.)</span> <span class='ocrx_word' id='word_1_378' title='bbox 1247 1468 1397 1501; x_wconf 87' lang='lat' dir='ltr'>punctum</span> <span class='ocrx_word' id='word_1_379' title='bbox 1413 1462 1438 1499; x_wconf 82' lang='grc' dir='ltr'>ξ,</span> <span class='ocrx_word' id='word_1_380' title='bbox 1455 1459 1548 1500; x_wconf 55' lang='lat' dir='ltr'>supr&amp;</span> <span class='ocrx_word' id='word_1_381' title='bbox 1562 1461 1733 1496; x_wconf 84' lang='lat' dir='ltr'>inventum,</span> <span class='ocrx_word' id='word_1_382' title='bbox 1755 1460 1835 1491; x_wconf 78' lang='lat' dir='ltr'>illud</span> 
     </span>
     <span class='ocr_line' id='line_1_49' title="bbox 998 1502 1833 1545; baseline -0.002 -11"><span class='ocrx_word' id='word_1_383' title='bbox 998 1511 1044 1534; x_wconf 86' lang='lat' dir='ltr'>est.</span> <span class='ocrx_word' id='word_1_384' title='bbox 1058 1515 1095 1536; x_wconf 84' lang='lat' dir='ltr'>ex</span> <span class='ocrx_word' id='word_1_385' title='bbox 1110 1514 1174 1545; x_wconf 90' lang='lat' dir='ltr'>quo</span> <span class='ocrx_word' id='word_1_386' title='bbox 1186 1506 1279 1535; x_wconf 85' lang='lat' dir='ltr'>ducta</span> <span class='ocrx_word' id='word_1_387' title='bbox 1293 1511 1462 1544; x_wconf 88' lang='lat' dir='ltr'>utcumque</span> <span class='ocrx_word' id='word_1_388' title='bbox 1477 1509 1559 1533; x_wconf 86' lang='lat' dir='ltr'>recta</span> <span class='ocrx_word' id='word_1_389' title='bbox 1569 1502 1678 1533; x_wconf 85' lang='lat' dir='ltr'>dividit</span> <span class='ocrx_word' id='word_1_390' title='bbox 1687 1502 1833 1533; x_wconf 84' lang='lat' dir='ltr'>chordam</span> 
     </span>
     <span class='ocr_line' id='line_1_50' title="bbox 1002 1545 1835 1585; baseline -0.001 -8"><span class='ocrx_word' id='word_1_391' title='bbox 1002 1547 1029 1577; x_wconf 92' lang='lat' dir='ltr'><strong>C</strong></span> <span class='ocrx_word' id='word_1_392' title='bbox 1046 1548 1077 1577; x_wconf 88' lang='lat' dir='ltr'><strong>A</strong></span> <span class='ocrx_word' id='word_1_393' title='bbox 1102 1548 1134 1576; x_wconf 91' lang='lat' dir='ltr'>in</span> <span class='ocrx_word' id='word_1_394' title='bbox 1156 1548 1274 1577; x_wconf 80' lang='lat' dir='ltr'>ratione</span> <span class='ocrx_word' id='word_1_395' title='bbox 1299 1553 1474 1585; x_wconf 87' lang='lat' dir='ltr'>temporum</span> <span class='ocrx_word' id='word_1_396' title='bbox 1496 1546 1608 1585; x_wconf 90' lang='lat' dir='ltr'>quibus</span> <span class='ocrx_word' id='word_1_397' title='bbox 1628 1545 1710 1575; x_wconf 87' lang='lat' dir='ltr'>binae</span> <span class='ocrx_word' id='word_1_398' title='bbox 1734 1552 1835 1584; x_wconf 77' lang='lat' dir='ltr'>partes</span> 
     </span>
     <span class='ocr_line' id='line_1_51' title="bbox 998 1586 1835 1626; baseline -0.002 -7"><span class='ocrx_word' id='word_1_399' title='bbox 998 1589 1088 1619; x_wconf 69' lang='lat' dir='ltr'>arctis</span> <span class='ocrx_word' id='word_1_400' title='bbox 1112 1590 1142 1619; x_wconf 95' lang='lat' dir='ltr'><strong>A</strong></span> <span class='ocrx_word' id='word_1_401' title='bbox 1160 1590 1187 1620; x_wconf 86' lang='lat' dir='ltr'><strong>C</strong></span> <span class='ocrx_word' id='word_1_402' title='bbox 1212 1590 1251 1619; x_wconf 83' lang='lat' dir='ltr'>ab</span> <span class='ocrx_word' id='word_1_403' title='bbox 1272 1586 1382 1618; x_wconf 55' lang='lat' dir='ltr'>eedem</span> <span class='ocrx_word' id='word_1_404' title='bbox 1402 1587 1485 1618; x_wconf 52' lang='lat' dir='ltr'>rect&amp;</span> <span class='ocrx_word' id='word_1_405' title='bbox 1505 1587 1655 1626; x_wconf 63' lang='lat' dir='ltr'>products</span> <span class='ocrx_word' id='word_1_406' title='bbox 1669 1593 1791 1622; x_wconf 76' lang='lat' dir='ltr'>notatae,</span> <span class='ocrx_word' id='word_1_407' title='bbox 1814 1598 1835 1618; x_wconf 76' lang='lat' dir='ltr'><strong>a</strong></span> 
     </span>
     <span class='ocr_line' id='line_1_52' title="bbox 997 1629 1832 1670; baseline -0.002 -8"><span class='ocrx_word' id='word_1_408' title='bbox 997 1631 1117 1662; x_wconf 59' lang='lat' dir='ltr'>cometa</span> <span class='ocrx_word' id='word_1_409' title='bbox 1137 1631 1360 1662; x_wconf 87' lang='lat' dir='ltr'>describuntur.</span> <span class='ocrx_word' id='word_1_410' title='bbox 1409 1629 1525 1661; x_wconf 55' lang='lat' dir='ltr'>Deleta</span> <span class='ocrx_word' id='word_1_411' title='bbox 1544 1630 1649 1670; x_wconf 69' lang='lat' dir='ltr'>igitur,</span> <span class='ocrx_word' id='word_1_412' title='bbox 1674 1629 1714 1660; x_wconf 81' lang='lat' dir='ltr'>ad</span> <span class='ocrx_word' id='word_1_413' title='bbox 1734 1630 1832 1660; x_wconf 77' lang='lat' dir='ltr'>vitan-</span> 
     </span>
     <span class='ocr_line' id='line_1_53' title="bbox 997 1671 1831 1712; baseline -0.002 -8"><span class='ocrx_word' id='word_1_414' title='bbox 997 1673 1069 1704; x_wconf 76' lang='lat' dir='ltr'>dam</span> <span class='ocrx_word' id='word_1_415' title='bbox 1092 1674 1316 1710; x_wconf 73' lang='lat' dir='ltr'>confusionem,</span> <span class='ocrx_word' id='word_1_416' title='bbox 1338 1673 1439 1712; x_wconf 79' lang='lat' dir='ltr'>priore</span> <span class='ocrx_word' id='word_1_417' title='bbox 1462 1673 1491 1703; x_wconf 93' lang='lat' dir='ltr'><strong>B</strong></span> <span class='ocrx_word' id='word_1_418' title='bbox 1509 1672 1540 1703; x_wconf 93' lang='lat' dir='ltr'>E</span> <span class='ocrx_word' id='word_1_419' title='bbox 1562 1682 1667 1702; x_wconf 83' lang='lat' dir='ltr'>versus</span> <span class='ocrx_word' id='word_1_420' title='bbox 1684 1672 1705 1703; x_wconf 93' lang='lat' dir='ltr'><strong>S</strong></span> <span class='ocrx_word' id='word_1_421' title='bbox 1726 1671 1831 1710; x_wconf 54' lang='lat' dir='ltr'>ducta,</span> 
     </span>
     <span class='ocr_line' id='line_1_54' title="bbox 996 1713 1834 1755; baseline 0 -9"><span class='ocrx_word' id='word_1_422' title='bbox 996 1722 1065 1746; x_wconf 79' lang='lat' dir='ltr'>acta</span> <span class='ocrx_word' id='word_1_423' title='bbox 1086 1722 1133 1746; x_wconf 56' lang='lat' dir='ltr'>est</span> <span class='ocrx_word' id='word_1_424' title='bbox 1157 1726 1237 1746; x_wconf 81' lang='lat' dir='ltr'>nova</span> <span class='ocrx_word' id='word_1_425' title='bbox 1260 1725 1364 1746; x_wconf 85' lang='lat' dir='ltr'>versus</span> <span class='ocrx_word' id='word_1_426' title='bbox 1382 1717 1408 1754; x_wconf 81' lang='grc' dir='ltr'>ξ,</span> <span class='ocrx_word' id='word_1_427' title='bbox 1426 1724 1497 1755; x_wconf 81' lang='lat' dir='ltr'>quae</span> <span class='ocrx_word' id='word_1_428' title='bbox 1518 1720 1565 1745; x_wconf 90' lang='lat' dir='ltr'>est</span> <span class='ocrx_word' id='word_1_429' title='bbox 1585 1713 1625 1744; x_wconf 84' lang='lat' dir='ltr'>ad</span> <span class='ocrx_word' id='word_1_430' title='bbox 1646 1716 1777 1753; x_wconf 83' lang='lat' dir='ltr'>priorem</span> <span class='ocrx_word' id='word_1_431' title='bbox 1796 1721 1834 1746; x_wconf 86' lang='lat' dir='ltr'>ut</span> 
     </span>
     <span class='ocr_line' id='line_1_55' title="bbox 995 1756 1834 1799; baseline -0.001 -10"><span class='ocrx_word' id='word_1_432' title='bbox 995 1757 1182 1799; x_wconf 77' lang='lat' dir='ltr'>quadratum</span> <span class='ocrx_word' id='word_1_433' title='bbox 1209 1758 1307 1797; x_wconf 83' lang='lat' dir='ltr'>ipsius</span> <span class='ocrx_word' id='word_1_434' title='bbox 1337 1758 1360 1788; x_wconf 93' lang='lat' dir='ltr'><strong>S</strong></span> <span class='ocrx_word' id='word_1_435' title='bbox 1385 1757 1424 1793; x_wconf 91' lang='lat' dir='ltr'>B,</span> <span class='ocrx_word' id='word_1_436' title='bbox 1454 1757 1496 1788; x_wconf 73' lang='lat' dir='ltr'>ad</span> <span class='ocrx_word' id='word_1_437' title='bbox 1523 1756 1709 1798; x_wconf 83' lang='lat' dir='ltr'>quadratum</span> <span class='ocrx_word' id='word_1_438' title='bbox 1736 1756 1834 1796; x_wconf 85' lang='lat' dir='ltr'>ipsius</span> 
     </span>
    </p>
   </div>
   <div class='ocr_carea' id='block_1_16' title="bbox 998 1803 1832 1883">
    <p class='ocr_par' dir='ltr' id='par_1_16' title="bbox 998 1803 1832 1883">
     <span class='ocr_line' id='line_1_56' title="bbox 998 1803 1832 1883; baseline 0 -26"><span class='ocrx_word' id='word_1_439' title='bbox 998 1825 1117 1870; x_wconf 52' lang='lat' dir='ltr'>Spq-{-</span> <span class='ocrx_word' id='word_1_440' title='bbox 1135 1803 1247 1883; x_wconf 56' lang='grc' dir='ltr'>ἑ-ἰλ,</span> <span class='ocrx_word' id='word_1_441' title='bbox 1263 1827 1382 1857; x_wconf 68' lang='lat' dir='ltr'>hoceet</span> <span class='ocrx_word' id='word_1_442' title='bbox 1399 1831 1524 1865; x_wconf 85' lang='lat' dir='ltr'>propter</span> <span class='ocrx_word' id='word_1_443' title='bbox 1538 1825 1671 1866; x_wconf 78' lang='lat' dir='ltr'>aequales</span> <span class='ocrx_word' id='word_1_444' title='bbox 1690 1825 1701 1855; x_wconf 87' lang='lat' dir='ltr'>i</span> <span class='ocrx_word' id='word_1_445' title='bbox 1723 1826 1784 1861; x_wconf 72' lang='lat'>221</span> <span class='ocrx_word' id='word_1_446' title='bbox 1807 1839 1832 1866; x_wconf 82' lang='grc' dir='ltr'>μ</span> 
     </span>
    </p>
   </div>
   <div class='ocr_carea' id='block_1_17' title="bbox 994 1897 1833 1978">
    <p class='ocr_par' dir='ltr' id='par_1_17' title="bbox 994 1897 1833 1978">
     <span class='ocr_line' id='line_1_57' title="bbox 994 1897 1833 1978; baseline -0.001 -27"><span class='ocrx_word' id='word_1_447' title='bbox 994 1919 1036 1951; x_wconf 82' lang='lat' dir='ltr'>ad</span> <span class='ocrx_word' id='word_1_448' title='bbox 1057 1920 1241 1962; x_wconf 80' lang='lat' dir='ltr'>quadratum</span> <span class='ocrx_word' id='word_1_449' title='bbox 1261 1921 1358 1961; x_wconf 85' lang='lat' dir='ltr'>ipsius</span> <span class='ocrx_word' id='word_1_450' title='bbox 1385 1921 1448 1960; x_wconf 64' lang='lat' dir='ltr'>Sp.</span> <span class='ocrx_word' id='word_1_451' title='bbox 1469 1921 1512 1963; x_wconf 74' lang='grc' dir='ltr'>-Ι-</span> <span class='ocrx_word' id='word_1_452' title='bbox 1534 1897 1833 1978; x_wconf 49' lang='grc' dir='ltr'>ἑῐμρῑὸΒοει</span> 
     </span>
    </p>
   </div>
   <div class='ocr_carea' id='block_1_18' title="bbox 992 1986 1832 2664">
    <p class='ocr_par' dir='ltr' id='par_1_18' title="bbox 992 1986 1832 2612">
     <span class='ocr_line' id='line_1_58' title="bbox 995 1986 1832 2031; baseline -0.002 -12"><span class='ocrx_word' id='word_1_453' title='bbox 995 1990 1230 2029; x_wconf 71' lang='lat' dir='ltr'>quamproxime</span> <span class='ocrx_word' id='word_1_454' title='bbox 1252 1989 1378 2031; x_wconf 78' lang='lat' dir='ltr'>aequalis</span> <span class='ocrx_word' id='word_1_455' title='bbox 1402 1989 1460 2029; x_wconf 88' lang='lat' dir='ltr'>ipsi</span> <span class='ocrx_word' id='word_1_456' title='bbox 1493 1990 1515 2020; x_wconf 92' lang='lat' dir='ltr'><strong>S</strong></span> <span class='ocrx_word' id='word_1_457' title='bbox 1536 2004 1570 2029; x_wconf 78' lang='grc' dir='ltr'>μ.</span> <span class='ocrx_word' id='word_1_458' title='bbox 1621 1986 1727 2024; x_wconf 71' lang='lat' dir='ltr'>Quare</span> <span class='ocrx_word' id='word_1_459' title='bbox 1751 1997 1832 2018; x_wconf 78' lang='lat' dir='ltr'>nova</span> 
     </span>
     <span class='ocr_line' id='line_1_59' title="bbox 999 2030 1828 2072; baseline -0.001 -11"><span class='ocrx_word' id='word_1_460' title='bbox 999 2032 1085 2070; x_wconf 90' lang='lat' dir='ltr'><strong>BE,</strong></span> <span class='ocrx_word' id='word_1_461' title='bbox 1109 2032 1354 2072; x_wconf 83' lang='lat' dir='ltr'>estadpriorem</span> <span class='ocrx_word' id='word_1_462' title='bbox 1380 2033 1407 2063; x_wconf 93' lang='lat' dir='ltr'>B</span> <span class='ocrx_word' id='word_1_463' title='bbox 1425 2033 1465 2068; x_wconf 88' lang='lat' dir='ltr'>E,</span> <span class='ocrx_word' id='word_1_464' title='bbox 1488 2030 1828 2071; x_wconf 54' lang='lat' dir='ltr'>utsffl²,adSN2‚</span> 
     </span>
     <span class='ocr_line' id='line_1_60' title="bbox 995 2072 1830 2114; baseline -0.002 -10"><span class='ocrx_word' id='word_1_465' title='bbox 995 2073 1095 2112; x_wconf 62' lang='lat' dir='ltr'>posita</span> <span class='ocrx_word' id='word_1_466' title='bbox 1115 2088 1140 2114; x_wconf 78' lang='grc' dir='ltr'><strong><em>μ</em></strong></span> <span class='ocrx_word' id='word_1_467' title='bbox 1165 2076 1198 2106; x_wconf 89' lang='lat' dir='ltr'>N</span> <span class='ocrx_word' id='word_1_468' title='bbox 1223 2075 1333 2106; x_wconf 81' lang='lat' dir='ltr'>triente</span> <span class='ocrx_word' id='word_1_469' title='bbox 1358 2074 1454 2114; x_wconf 89' lang='lat' dir='ltr'>ipsius</span> <span class='ocrx_word' id='word_1_470' title='bbox 1481 2075 1497 2105; x_wconf 95' lang='lat'>1</span> <span class='ocrx_word' id='word_1_471' title='bbox 1512 2089 1547 2114; x_wconf 77' lang='grc' dir='ltr'>μ,</span> <span class='ocrx_word' id='word_1_472' title='bbox 1574 2074 1638 2104; x_wconf 87' lang='lat' dir='ltr'>sive</span> <span class='ocrx_word' id='word_1_473' title='bbox 1658 2073 1667 2102; x_wconf 94' lang='lat' dir='ltr'>i</span> <span class='ocrx_word' id='word_1_474' title='bbox 1688 2080 1719 2108; x_wconf 84' lang='grc' dir='ltr'>λ,</span> <span class='ocrx_word' id='word_1_475' title='bbox 1742 2078 1778 2103; x_wconf 88' lang='lat' dir='ltr'>ut</span> <span class='ocrx_word' id='word_1_476' title='bbox 1796 2072 1830 2102; x_wconf 91' lang='lat' dir='ltr'>in</span> 
     </span>
     <span class='ocr_line' id='line_1_61' title="bbox 995 2115 1830 2158; baseline -0.002 -12"><span class='ocrx_word' id='word_1_477' title='bbox 995 2123 1107 2146; x_wconf 85' lang='lat' dir='ltr'>constr.</span> <span class='ocrx_word' id='word_1_478' title='bbox 1130 2117 1220 2147; x_wconf 87' lang='lat' dir='ltr'>Lem.</span> <span class='ocrx_word' id='word_1_479' title='bbox 1243 2118 1285 2147; x_wconf 89' lang='lat' dir='ltr'>X.</span> <span class='ocrx_word' id='word_1_480' title='bbox 1336 2117 1459 2148; x_wconf 87' lang='lat' dir='ltr'>Deinde</span> <span class='ocrx_word' id='word_1_481' title='bbox 1479 2118 1612 2158; x_wconf 74' lang='lat' dir='ltr'>gravitas</span> <span class='ocrx_word' id='word_1_482' title='bbox 1634 2115 1830 2145; x_wconf 82' lang='lat' dir='ltr'>acceleratn&#39;x</span> 
     </span>
     <span class='ocr_line' id='line_1_62' title="bbox 994 2159 1828 2195; baseline -0.002 -7"><span class='ocrx_word' id='word_1_483' title='bbox 994 2168 1098 2188; x_wconf 79' lang='lat' dir='ltr'>versus</span> <span class='ocrx_word' id='word_1_484' title='bbox 1116 2159 1217 2189; x_wconf 89' lang='lat' dir='ltr'>Solem</span> <span class='ocrx_word' id='word_1_485' title='bbox 1234 2160 1265 2189; x_wconf 89' lang='lat' dir='ltr'>in</span> <span class='ocrx_word' id='word_1_486' title='bbox 1281 2161 1350 2190; x_wconf 84' lang='lat' dir='ltr'>loco</span> <span class='ocrx_word' id='word_1_487' title='bbox 1366 2160 1408 2195; x_wconf 93' lang='lat' dir='ltr'><strong>N,</strong></span> <span class='ocrx_word' id='word_1_488' title='bbox 1425 2166 1471 2189; x_wconf 87' lang='lat' dir='ltr'>est</span> <span class='ocrx_word' id='word_1_489' title='bbox 1484 2159 1523 2189; x_wconf 86' lang='lat' dir='ltr'>ad</span> <span class='ocrx_word' id='word_1_490' title='bbox 1601 2159 1726 2187; x_wconf 82' lang='lat' dir='ltr'>vitatem</span> <span class='ocrx_word' id='word_1_491' title='bbox 1741 2167 1828 2187; x_wconf 77' lang='lat' dir='ltr'>aece-</span> 
     </span>
     <span class='ocr_line' id='line_1_63' title="bbox 994 2199 1829 2238; baseline 0 -8"><span class='ocrx_word' id='word_1_492' title='bbox 994 2200 1164 2231; x_wconf 74' lang='lat' dir='ltr'>leratricem</span> <span class='ocrx_word' id='word_1_493' title='bbox 1190 2211 1294 2231; x_wconf 86' lang='lat' dir='ltr'>versus</span> <span class='ocrx_word' id='word_1_494' title='bbox 1318 2201 1452 2231; x_wconf 73' lang='lat' dir='ltr'>cundem</span> <span class='ocrx_word' id='word_1_495' title='bbox 1478 2202 1511 2231; x_wconf 89' lang='lat' dir='ltr'>in</span> <span class='ocrx_word' id='word_1_496' title='bbox 1531 2202 1600 2232; x_wconf 91' lang='lat' dir='ltr'>loco</span> <span class='ocrx_word' id='word_1_497' title='bbox 1617 2201 1657 2236; x_wconf 89' lang='lat' dir='ltr'>B,</span> <span class='ocrx_word' id='word_1_498' title='bbox 1680 2199 1727 2229; x_wconf 84' lang='lat' dir='ltr'>vei</span> <span class='ocrx_word' id='word_1_499' title='bbox 1741 2212 1776 2238; x_wconf 78' lang='grc' dir='ltr'>μ,</span> <span class='ocrx_word' id='word_1_500' title='bbox 1792 2206 1829 2230; x_wconf 86' lang='lat' dir='ltr'>ut</span> 
     </span>
     <span class='ocr_line' id='line_1_64' title="bbox 997 2241 1829 2283; baseline 0 -11"><span class='ocrx_word' id='word_1_501' title='bbox 997 2243 1019 2272; x_wconf 95' lang='lat' dir='ltr'><strong>S</strong></span> <span class='ocrx_word' id='word_1_502' title='bbox 1037 2243 1064 2272; x_wconf 87' lang='lat' dir='ltr'>B</span> <span class='ocrx_word' id='word_1_503' title='bbox 1080 2244 1095 2261; x_wconf 89' lang='lat'><em>²</em></span> <span class='ocrx_word' id='word_1_504' title='bbox 1111 2243 1158 2272; x_wconf 89' lang='lat' dir='ltr'>vel</span> <span class='ocrx_word' id='word_1_505' title='bbox 1177 2244 1198 2273; x_wconf 93' lang='lat' dir='ltr'><strong>S</strong></span> <span class='ocrx_word' id='word_1_506' title='bbox 1211 2257 1236 2283; x_wconf 77' lang='grc' dir='ltr'>μ</span> <span class='ocrx_word' id='word_1_507' title='bbox 1250 2245 1265 2262; x_wconf 87' lang='lat'>²</span> <span class='ocrx_word' id='word_1_508' title='bbox 1281 2243 1319 2273; x_wconf 84' lang='lat' dir='ltr'>ad</span> <span class='ocrx_word' id='word_1_509' title='bbox 1338 2244 1359 2273; x_wconf 94' lang='lat' dir='ltr'><strong>S</strong></span> <span class='ocrx_word' id='word_1_510' title='bbox 1376 2244 1406 2273; x_wconf 91' lang='lat' dir='ltr'>N</span> <span class='ocrx_word' id='word_1_511' title='bbox 1422 2245 1447 2272; x_wconf 86' lang='lat'>².</span> <span class='ocrx_word' id='word_1_512' title='bbox 1498 2241 1651 2273; x_wconf 64' lang='lat' dir='ltr'>Praeterezi</span> <span class='ocrx_word' id='word_1_513' title='bbox 1665 2242 1829 2282; x_wconf 72' lang='lat' dir='ltr'>gravitates</span> 
     </span>
     <span class='ocr_line' id='line_1_65' title="bbox 994 2284 1827 2322; baseline -0.001 -7"><span class='ocrx_word' id='word_1_514' title='bbox 994 2285 1219 2316; x_wconf 77' lang='lat' dir='ltr'>acceieratrices</span> <span class='ocrx_word' id='word_1_515' title='bbox 1233 2296 1336 2315; x_wconf 83' lang='lat' dir='ltr'>versus</span> <span class='ocrx_word' id='word_1_516' title='bbox 1354 2285 1456 2316; x_wconf 83' lang='lat' dir='ltr'>Solem</span> <span class='ocrx_word' id='word_1_517' title='bbox 1479 2285 1511 2315; x_wconf 90' lang='lat' dir='ltr'>in</span> <span class='ocrx_word' id='word_1_518' title='bbox 1526 2285 1678 2315; x_wconf 76' lang='lat' dir='ltr'>distantiis</span> <span class='ocrx_word' id='word_1_519' title='bbox 1691 2284 1827 2322; x_wconf 84' lang='lat' dir='ltr'>diversis,</span> 
     </span>
     <span class='ocr_line' id='line_1_66' title="bbox 992 2326 1828 2367; baseline 0.001 -11"><span class='ocrx_word' id='word_1_520' title='bbox 992 2328 1189 2358; x_wconf 84' lang='lat' dir='ltr'>manentibus</span> <span class='ocrx_word' id='word_1_521' title='bbox 1210 2327 1298 2358; x_wconf 84' lang='lat' dir='ltr'>dictis</span> <span class='ocrx_word' id='word_1_522' title='bbox 1313 2328 1436 2364; x_wconf 84' lang='lat' dir='ltr'>viribus,</span> <span class='ocrx_word' id='word_1_523' title='bbox 1460 2333 1533 2358; x_wconf 85' lang='lat' dir='ltr'>sunt</span> <span class='ocrx_word' id='word_1_524' title='bbox 1549 2336 1584 2358; x_wconf 85' lang='lat' dir='ltr'>ut</span> <span class='ocrx_word' id='word_1_525' title='bbox 1603 2326 1700 2367; x_wconf 75' lang='lat' dir='ltr'>spatia</span> <span class='ocrx_word' id='word_1_526' title='bbox 1717 2326 1828 2358; x_wconf 86' lang='lat' dir='ltr'>eodem</span> 
     </span>
     <span class='ocr_line' id='line_1_67' title="bbox 992 2370 1828 2409; baseline 0.001 -10"><span class='ocrx_word' id='word_1_527' title='bbox 992 2375 1131 2409; x_wconf 80' lang='lat' dir='ltr'>tempore</span> <span class='ocrx_word' id='word_1_528' title='bbox 1153 2380 1262 2400; x_wconf 83' lang='lat' dir='ltr'>versus.</span> <span class='ocrx_word' id='word_1_529' title='bbox 1283 2370 1385 2401; x_wconf 87' lang='lat' dir='ltr'>Solem</span> <span class='ocrx_word' id='word_1_530' title='bbox 1415 2370 1554 2401; x_wconf 84' lang='lat' dir='ltr'>cadendo</span> <span class='ocrx_word' id='word_1_531' title='bbox 1579 2370 1750 2409; x_wconf 74' lang='lat' dir='ltr'>descripta3</span> <span class='ocrx_word' id='word_1_532' title='bbox 1781 2375 1828 2400; x_wconf 86' lang='lat' dir='ltr'>est</span> 
     </span>
     <span class='ocr_line' id='line_1_68' title="bbox 992 2411 1827 2452; baseline 0.001 -11"><span class='ocrx_word' id='word_1_533' title='bbox 992 2412 1088 2452; x_wconf 75' lang='lat' dir='ltr'>igitur</span> <span class='ocrx_word' id='word_1_534' title='bbox 1109 2422 1188 2443; x_wconf 83' lang='lat' dir='ltr'>nova</span> <span class='ocrx_word' id='word_1_535' title='bbox 1211 2413 1240 2443; x_wconf 95' lang='lat' dir='ltr'><strong>B</strong></span> <span class='ocrx_word' id='word_1_536' title='bbox 1259 2413 1299 2449; x_wconf 85' lang='lat' dir='ltr'>E,</span> <span class='ocrx_word' id='word_1_537' title='bbox 1322 2414 1359 2443; x_wconf 82' lang='lat' dir='ltr'>ad</span> <span class='ocrx_word' id='word_1_538' title='bbox 1382 2412 1513 2451; x_wconf 85' lang='lat' dir='ltr'>priorem</span> <span class='ocrx_word' id='word_1_539' title='bbox 1532 2414 1561 2443; x_wconf 91' lang='lat' dir='ltr'>B</span> <span class='ocrx_word' id='word_1_540' title='bbox 1579 2413 1619 2449; x_wconf 89' lang='lat' dir='ltr'>E,</span> <span class='ocrx_word' id='word_1_541' title='bbox 1644 2418 1679 2443; x_wconf 90' lang='lat' dir='ltr'>ut</span> <span class='ocrx_word' id='word_1_542' title='bbox 1692 2411 1827 2452; x_wconf 82' lang='lat' dir='ltr'>spatium</span> 
     </span>
     <span class='ocr_line' id='line_1_69' title="bbox 992 2454 1826 2496; baseline 0.002 -14"><span class='ocrx_word' id='word_1_543' title='bbox 992 2463 1098 2484; x_wconf 82' lang='lat' dir='ltr'>versus</span> <span class='ocrx_word' id='word_1_544' title='bbox 1128 2456 1231 2485; x_wconf 84' lang='lat' dir='ltr'>Solem</span> <span class='ocrx_word' id='word_1_545' title='bbox 1260 2455 1399 2486; x_wconf 86' lang='lat' dir='ltr'>cadendo</span> <span class='ocrx_word' id='word_1_546' title='bbox 1427 2466 1615 2494; x_wconf 73' lang='lat' dir='ltr'>percursum,</span> <span class='ocrx_word' id='word_1_547' title='bbox 1640 2460 1771 2496; x_wconf 86' lang='lat' dir='ltr'>urgente</span> <span class='ocrx_word' id='word_1_548' title='bbox 1795 2454 1826 2484; x_wconf 90' lang='lat' dir='ltr'>vi</span> 
     </span>
     <span class='ocr_line' id='line_1_70' title="bbox 993 2497 1826 2538; baseline -0.001 -12"><span class='ocrx_word' id='word_1_549' title='bbox 993 2497 1202 2528; x_wconf 80' lang='lat' dir='ltr'>acceleratrice</span> <span class='ocrx_word' id='word_1_550' title='bbox 1216 2508 1286 2538; x_wconf 87' lang='lat' dir='ltr'>quae</span> <span class='ocrx_word' id='word_1_551' title='bbox 1300 2505 1390 2538; x_wconf 85' lang='lat' dir='ltr'>urget</span> <span class='ocrx_word' id='word_1_552' title='bbox 1404 2497 1437 2527; x_wconf 88' lang='lat' dir='ltr'>in</span> <span class='ocrx_word' id='word_1_553' title='bbox 1454 2498 1521 2528; x_wconf 87' lang='lat' dir='ltr'>loco</span> <span class='ocrx_word' id='word_1_554' title='bbox 1543 2499 1586 2534; x_wconf 88' lang='lat' dir='ltr'><strong>N,</strong></span> <span class='ocrx_word' id='word_1_555' title='bbox 1609 2499 1733 2528; x_wconf 84' lang='lat' dir='ltr'>semisse</span> <span class='ocrx_word' id='word_1_556' title='bbox 1747 2503 1826 2527; x_wconf 86' lang='lat' dir='ltr'>tem-</span> 
     </span>
     <span class='ocr_line' id='line_1_71' title="bbox 992 2538 1827 2612; baseline -0.001 -43"><span class='ocrx_word' id='word_1_557' title='bbox 992 2540 1075 2612; x_wconf 65' lang='lat' dir='ltr'>ploris</span> <span class='ocrx_word' id='word_1_558' title='bbox 1088 2550 1151 2580; x_wconf 92' lang='lat' dir='ltr'>quo</span> <span class='ocrx_word' id='word_1_559' title='bbox 1165 2547 1284 2570; x_wconf 85' lang='lat' dir='ltr'>cometa</span> <span class='ocrx_word' id='word_1_560' title='bbox 1298 2540 1439 2571; x_wconf 79' lang='lat' dir='ltr'>describit</span> <span class='ocrx_word' id='word_1_561' title='bbox 1453 2551 1559 2571; x_wconf 80' lang='lat' dir='ltr'>arcum</span> <span class='ocrx_word' id='word_1_562' title='bbox 1581 2538 1827 2580; x_wconf 84' lang='lat' dir='ltr'>longitudinibus</span> 
     </span>
    </p>

    <p class='ocr_par' dir='ltr' id='par_1_19' title="bbox 994 2580 1827 2664">
     <span class='ocr_line' id='line_1_72' title="bbox 1042 2580 1827 2622; baseline -0.001 -10"><span class='ocrx_word' id='word_1_563' title='bbox 1042 2582 1084 2617; x_wconf 86' lang='lat' dir='ltr'>A,</span> <span class='ocrx_word' id='word_1_564' title='bbox 1109 2583 1138 2612; x_wconf 91' lang='lat' dir='ltr'>T</span> <span class='ocrx_word' id='word_1_565' title='bbox 1155 2583 1192 2618; x_wconf 92' lang='lat' dir='ltr'><strong>C,</strong></span> <span class='ocrx_word' id='word_1_566' title='bbox 1216 2584 1480 2622; x_wconf 83' lang='lat' dir='ltr'>comprehensum,</span> <span class='ocrx_word' id='word_1_567' title='bbox 1503 2583 1543 2613; x_wconf 82' lang='lat' dir='ltr'>ad</span> <span class='ocrx_word' id='word_1_568' title='bbox 1565 2584 1697 2622; x_wconf 81' lang='lat' dir='ltr'>spatium</span> <span class='ocrx_word' id='word_1_569' title='bbox 1717 2580 1827 2612; x_wconf 87' lang='lat' dir='ltr'>eodem</span> 
     </span>
     <span class='ocr_line' id='line_1_73' title="bbox 994 2625 1827 2664; baseline -0.001 -10"><span class='ocrx_word' id='word_1_570' title='bbox 994 2631 1132 2661; x_wconf 81' lang='lat' dir='ltr'>tempore</span> <span class='ocrx_word' id='word_1_571' title='bbox 1147 2635 1249 2655; x_wconf 85' lang='lat' dir='ltr'>versus</span> <span class='ocrx_word' id='word_1_572' title='bbox 1274 2626 1376 2656; x_wconf 89' lang='lat' dir='ltr'>Solem</span> <span class='ocrx_word' id='word_1_573' title='bbox 1392 2625 1531 2656; x_wconf 82' lang='lat' dir='ltr'>cadendo</span> <span class='ocrx_word' id='word_1_574' title='bbox 1552 2625 1751 2664; x_wconf 89' lang='lat' dir='ltr'>descriptum,</span> <span class='ocrx_word' id='word_1_575' title='bbox 1774 2633 1827 2653; x_wconf 91' lang='lat' dir='ltr'>ur-</span> 
     </span>
    </p>
   </div>
   <div class='ocr_carea' id='block_1_19' title="bbox 951 2666 1827 2708">
    <p class='ocr_par' dir='ltr' id='par_1_20' title="bbox 951 2666 1827 2708">
     <span class='ocr_line' id='line_1_74' title="bbox 951 2666 1827 2708; baseline -0.003 -10"><span class='ocrx_word' id='word_1_576' title='bbox 951 2700 955 2704; x_wconf 55' lang='lat'><strong>,</strong></span> <span class='ocrx_word' id='word_1_577' title='bbox 994 2674 1086 2707; x_wconf 86' lang='lat' dir='ltr'>gente</span> <span class='ocrx_word' id='word_1_578' title='bbox 1100 2667 1129 2697; x_wconf 88' lang='lat' dir='ltr'>vi</span> <span class='ocrx_word' id='word_1_579' title='bbox 1145 2668 1354 2698; x_wconf 83' lang='lat' dir='ltr'>acceleratrice</span> <span class='ocrx_word' id='word_1_580' title='bbox 1368 2678 1438 2707; x_wconf 86' lang='lat' dir='ltr'>quae</span> <span class='ocrx_word' id='word_1_581' title='bbox 1453 2674 1543 2708; x_wconf 87' lang='lat' dir='ltr'>urget</span> <span class='ocrx_word' id='word_1_582' title='bbox 1557 2668 1589 2697; x_wconf 90' lang='lat' dir='ltr'>in</span> <span class='ocrx_word' id='word_1_583' title='bbox 1605 2668 1676 2700; x_wconf 85' lang='lat' dir='ltr'>loco.</span> <span class='ocrx_word' id='word_1_584' title='bbox 1691 2667 1730 2698; x_wconf 92' lang='lat' dir='ltr'>B.</span> <span class='ocrx_word' id='word_1_585' title='bbox 1766 2666 1827 2696; x_wconf 86' lang='lat' dir='ltr'>Sed</span> 
     </span>
    </p>
   </div>
   <div class='ocr_carea' id='block_1_20' title="bbox 988 2709 1830 3174">
    <p class='ocr_par' dir='ltr' id='par_1_21' title="bbox 988 2709 1830 3174">
     <span class='ocr_line' id='line_1_75' title="bbox 994 2709 1827 2752; baseline 0 -14"><span class='ocrx_word' id='word_1_586' title='bbox 994 2709 1128 2750; x_wconf 63' lang='lat' dir='ltr'>aequales</span> <span class='ocrx_word' id='word_1_587' title='bbox 1142 2716 1214 2740; x_wconf 87' lang='lat' dir='ltr'>sunt</span> <span class='ocrx_word' id='word_1_588' title='bbox 1227 2711 1320 2751; x_wconf 82' lang='lat' dir='ltr'>hujus</span> <span class='ocrx_word' id='word_1_589' title='bbox 1331 2710 1482 2752; x_wconf 85' lang='lat' dir='ltr'>analogiae</span> <span class='ocrx_word' id='word_1_590' title='bbox 1490 2717 1720 2750; x_wconf 46' lang='lat' dir='ltr'>consequentes&amp;</span> <span class='ocrx_word' id='word_1_591' title='bbox 1733 2717 1827 2750; x_wconf 80' lang='lat' dir='ltr'>quare</span> 
     </span>
     <span class='ocr_line' id='line_1_76' title="bbox 994 2751 1828 2793; baseline 0.001 -12"><span class='ocrx_word' id='word_1_592' title='bbox 994 2758 1156 2792; x_wconf 82' lang='lat' dir='ltr'>aequantur</span> <span class='ocrx_word' id='word_1_593' title='bbox 1166 2753 1259 2783; x_wconf 78' lang='lat' dir='ltr'>etiam</span> <span class='ocrx_word' id='word_1_594' title='bbox 1269 2753 1492 2790; x_wconf 63' lang='lat' dir='ltr'>antecedentes,</span> <span class='ocrx_word' id='word_1_595' title='bbox 1507 2751 1640 2793; x_wconf 69' lang='lat' dir='ltr'>ideoque</span> <span class='ocrx_word' id='word_1_596' title='bbox 1654 2762 1734 2782; x_wconf 86' lang='lat' dir='ltr'>nova</span> <span class='ocrx_word' id='word_1_597' title='bbox 1743 2758 1828 2782; x_wconf 72' lang='lat' dir='ltr'>recta</span> 
     </span>
     <span class='ocr_line' id='line_1_77' title="bbox 997 2794 1828 2837; baseline -0.001 -12"><span class='ocrx_word' id='word_1_598' title='bbox 997 2794 1026 2825; x_wconf 92' lang='lat' dir='ltr'>B</span> <span class='ocrx_word' id='word_1_599' title='bbox 1045 2794 1075 2825; x_wconf 80' lang='lat' dir='ltr'><strong>E</strong></span> <span class='ocrx_word' id='word_1_600' title='bbox 1095 2803 1236 2834; x_wconf 77' lang='lat' dir='ltr'>aequatur</span> <span class='ocrx_word' id='word_1_601' title='bbox 1249 2796 1346 2835; x_wconf 85' lang='lat' dir='ltr'>spatio</span> <span class='ocrx_word' id='word_1_602' title='bbox 1361 2806 1380 2825; x_wconf 76' lang='lat' dir='ltr'>a</span> <span class='ocrx_word' id='word_1_603' title='bbox 1400 2806 1493 2837; x_wconf 78' lang='lat' dir='ltr'>grave</span> <span class='ocrx_word' id='word_1_604' title='bbox 1507 2795 1635 2826; x_wconf 80' lang='lat' dir='ltr'>cadente</span> <span class='ocrx_word' id='word_1_605' title='bbox 1650 2804 1755 2825; x_wconf 82' lang='lat' dir='ltr'>versus</span> <span class='ocrx_word' id='word_1_606' title='bbox 1771 2794 1828 2824; x_wconf 87' lang='lat' dir='ltr'>So-</span> 
     </span>
     <span class='ocr_line' id='line_1_78' title="bbox 996 2835 1828 2878; baseline 0 -12"><span class='ocrx_word' id='word_1_607' title='bbox 996 2836 1056 2867; x_wconf 88' lang='lat' dir='ltr'>lem</span> <span class='ocrx_word' id='word_1_608' title='bbox 1068 2835 1221 2875; x_wconf 77' lang='lat' dir='ltr'>percdrso,</span> <span class='ocrx_word' id='word_1_609' title='bbox 1232 2839 1356 2868; x_wconf 81' lang='lat' dir='ltr'>semisse</span> <span class='ocrx_word' id='word_1_610' title='bbox 1365 2839 1511 2877; x_wconf 83' lang='lat' dir='ltr'>temporis</span> <span class='ocrx_word' id='word_1_611' title='bbox 1519 2848 1582 2878; x_wconf 90' lang='lat' dir='ltr'>quo</span> <span class='ocrx_word' id='word_1_612' title='bbox 1592 2843 1710 2868; x_wconf 81' lang='lat' dir='ltr'>cometa</span> <span class='ocrx_word' id='word_1_613' title='bbox 1719 2846 1828 2867; x_wconf 76' lang='lat' dir='ltr'>arcum</span> 
     </span>
     <span class='ocr_line' id='line_1_79' title="bbox 999 2879 1829 2928; baseline -0.001 -18"><span class='ocrx_word' id='word_1_614' title='bbox 999 2880 1078 2928; x_wconf 64' lang='lat' dir='ltr'><strong>A,B</strong></span> <span class='ocrx_word' id='word_1_615' title='bbox 1092 2880 1129 2916; x_wconf 88' lang='lat' dir='ltr'>C,</span> <span class='ocrx_word' id='word_1_616' title='bbox 1140 2880 1173 2909; x_wconf 87' lang='lat' dir='ltr'>in</span> <span class='ocrx_word' id='word_1_617' title='bbox 1182 2880 1323 2920; x_wconf 52' lang='lat' dir='ltr'>ecliptica</span> <span class='ocrx_word' id='word_1_618' title='bbox 1334 2880 1485 2917; x_wconf 84' lang='lat' dir='ltr'>describit,</span> <span class='ocrx_word' id='word_1_619' title='bbox 1497 2887 1628 2921; x_wconf 86' lang='lat' dir='ltr'>urgente</span> <span class='ocrx_word' id='word_1_620' title='bbox 1639 2880 1668 2909; x_wconf 87' lang='lat' dir='ltr'>vi</span> <span class='ocrx_word' id='word_1_621' title='bbox 1679 2879 1829 2910; x_wconf 79' lang='lat' dir='ltr'>accelera-</span> 
     </span>
     <span class='ocr_line' id='line_1_80' title="bbox 996 2921 1828 2964; baseline 0.001 -13"><span class='ocrx_word' id='word_1_622' title='bbox 996 2928 1072 2952; x_wconf 78' lang='lat' dir='ltr'>trnce</span> <span class='ocrx_word' id='word_1_623' title='bbox 1080 2922 1275 2953; x_wconf 81' lang='lat' dir='ltr'>uniformiter</span> <span class='ocrx_word' id='word_1_624' title='bbox 1284 2922 1464 2953; x_wconf 64' lang='lat' dir='ltr'>continuata</span> <span class='ocrx_word' id='word_1_625' title='bbox 1472 2934 1542 2964; x_wconf 88' lang='lat' dir='ltr'>quae</span> <span class='ocrx_word' id='word_1_626' title='bbox 1554 2923 1586 2952; x_wconf 92' lang='lat' dir='ltr'>in</span> <span class='ocrx_word' id='word_1_627' title='bbox 1596 2921 1740 2952; x_wconf 62' lang='lat' dir='ltr'>distantiis</span> <span class='ocrx_word' id='word_1_628' title='bbox 1751 2923 1774 2953; x_wconf 93' lang='lat' dir='ltr'><strong>S</strong></span> <span class='ocrx_word' id='word_1_629' title='bbox 1784 2922 1828 2958; x_wconf 82' lang='lat' dir='ltr'>N,</span> 
     </span>
     <span class='ocr_line' id='line_1_81' title="bbox 1317 2964 1829 3007; baseline -0.004 -12"><span class='ocrx_word' id='word_1_630' title='bbox 1317 2967 1363 2995; x_wconf 84' lang='lat' dir='ltr'>At</span> <span class='ocrx_word' id='word_1_631' title='bbox 1386 2965 1490 3007; x_wconf 87' lang='lat' dir='ltr'>(Lem.</span> <span class='ocrx_word' id='word_1_632' title='bbox 1514 2966 1596 3005; x_wconf 85' lang='lat' dir='ltr'>xl.)</span> <span class='ocrx_word' id='word_1_633' title='bbox 1620 2964 1752 3004; x_wconf 79' lang='lat' dir='ltr'>spatium</span> <span class='ocrx_word' id='word_1_634' title='bbox 1774 2974 1829 3004; x_wconf 88' lang='lat' dir='ltr'>per</span> 
     </span>
     <span class='ocr_line' id='line_1_82' title="bbox 996 3006 1829 3046; baseline 0.002 -10"><span class='ocrx_word' id='word_1_635' title='bbox 996 3006 1079 3046; x_wconf 85' lang='lat' dir='ltr'>quod</span> <span class='ocrx_word' id='word_1_636' title='bbox 1091 3015 1202 3046; x_wconf 85' lang='lat' dir='ltr'>corpus</span> <span class='ocrx_word' id='word_1_637' title='bbox 1215 3007 1328 3038; x_wconf 85' lang='lat' dir='ltr'>decidit</span> <span class='ocrx_word' id='word_1_638' title='bbox 1339 3018 1448 3038; x_wconf 76' lang='lat' dir='ltr'>versus·</span> <span class='ocrx_word' id='word_1_639' title='bbox 1456 3008 1558 3038; x_wconf 83' lang='lat' dir='ltr'>Solem</span> <span class='ocrx_word' id='word_1_640' title='bbox 1569 3009 1696 3038; x_wconf 83' lang='lat' dir='ltr'>semisse</span> <span class='ocrx_word' id='word_1_641' title='bbox 1709 3015 1829 3046; x_wconf 83' lang='lat' dir='ltr'>tempo-</span> 
     </span>
     <span class='ocr_line' id='line_1_83' title="bbox 994 3049 1830 3089; baseline 0 -11"><span class='ocrx_word' id='word_1_642' title='bbox 994 3050 1037 3078; x_wconf 85' lang='lat' dir='ltr'>ris</span> <span class='ocrx_word' id='word_1_643' title='bbox 1051 3058 1115 3089; x_wconf 86' lang='lat' dir='ltr'>quo</span> <span class='ocrx_word' id='word_1_644' title='bbox 1127 3057 1248 3080; x_wconf 81' lang='lat' dir='ltr'>cometa</span> <span class='ocrx_word' id='word_1_645' title='bbox 1262 3051 1403 3081; x_wconf 85' lang='lat' dir='ltr'>describit</span> <span class='ocrx_word' id='word_1_646' title='bbox 1418 3060 1523 3081; x_wconf 86' lang='lat' dir='ltr'>arcum</span> <span class='ocrx_word' id='word_1_647' title='bbox 1543 3051 1572 3081; x_wconf 79' lang='lat' dir='ltr'><strong>A</strong></span> <span class='ocrx_word' id='word_1_648' title='bbox 1591 3051 1620 3081; x_wconf 91' lang='grc' dir='ltr'>Β</span> <span class='ocrx_word' id='word_1_649' title='bbox 1639 3050 1676 3087; x_wconf 86' lang='lat' dir='ltr'>C,</span> <span class='ocrx_word' id='word_1_650' title='bbox 1689 3049 1762 3080; x_wconf 71' lang='lat' dir='ltr'>cum</span> <span class='ocrx_word' id='word_1_651' title='bbox 1777 3059 1830 3079; x_wconf 92' lang='lat' dir='ltr'>ur-</span> 
     </span>
     <span class='ocr_line' id='line_1_84' title="bbox 988 3091 1830 3131; baseline 0.001 -11"><span class='ocrx_word' id='word_1_652' title='bbox 988 3097 1086 3131; x_wconf 75' lang='lat' dir='ltr'>›getur</span> <span class='ocrx_word' id='word_1_653' title='bbox 1100 3093 1129 3121; x_wconf 76' lang='lat' dir='ltr'>vi</span> <span class='ocrx_word' id='word_1_654' title='bbox 1144 3092 1352 3123; x_wconf 82' lang='lat' dir='ltr'>acceleratrice</span> <span class='ocrx_word' id='word_1_655' title='bbox 1367 3092 1561 3124; x_wconf 77' lang='lat' dir='ltr'>uniformiter</span> <span class='ocrx_word' id='word_1_656' title='bbox 1571 3091 1750 3124; x_wconf 52' lang='lat' dir='ltr'>continuata</span> <span class='ocrx_word' id='word_1_657' title='bbox 1760 3102 1830 3131; x_wconf 87' lang='lat' dir='ltr'>quae</span> 
     </span>
     <span class='ocr_line' id='line_1_85' title="bbox 991 3133 1830 3174; baseline 0.005 -11"><span class='ocrx_word' id='word_1_658' title='bbox 991 3134 1030 3163; x_wconf 77' lang='lat' dir='ltr'>in</span> <span class='ocrx_word' id='word_1_659' title='bbox 1051 3133 1120 3164; x_wconf 80' lang='lat' dir='ltr'>loco</span> <span class='ocrx_word' id='word_1_660' title='bbox 1143 3135 1176 3165; x_wconf 88' lang='lat' dir='ltr'>N</span> <span class='ocrx_word' id='word_1_661' title='bbox 1198 3135 1324 3174; x_wconf 85' lang='lat' dir='ltr'>obtinet,</span> <span class='ocrx_word' id='word_1_662' title='bbox 1347 3135 1465 3174; x_wconf 77' lang='lat' dir='ltr'>aequale</span> <span class='ocrx_word' id='word_1_663' title='bbox 1484 3142 1530 3167; x_wconf 85' lang='lat' dir='ltr'>est</span> <span class='ocrx_word' id='word_1_664' title='bbox 1547 3142 1639 3166; x_wconf 84' lang='lat' dir='ltr'>rectae</span> <span class='ocrx_word' id='word_1_665' title='bbox 1658 3149 1683 3173; x_wconf 77' lang='grc' dir='ltr'>μ</span> <span class='ocrx_word' id='word_1_666' title='bbox 1700 3136 1739 3172; x_wconf 82' lang='grc' dir='ltr'>Υ,</span> <span class='ocrx_word' id='word_1_667' title='bbox 1761 3143 1830 3174; x_wconf 79' lang='lat' dir='ltr'>seg-</span> 
     </span>
    </p>
   </div>
  </div>
 </body>
</html>
