2072 3522
279 241 317 278 iv
908 236 1348 279 INTRODUCTIO

276 356 506 412 eclipticam
526 364 646 407 secet,
677 357 742 397 cui
761 371 909 412 nempe
939 357 1032 398 coeli
1060 358 1152 398 loco
1172 357 1447 412 respondeant
1474 358 1560 413 ejus
1579 355 1691 408 nodi,
1722 357 1792 412 qui
1820 356 1863 397 in
1891 355 1970 398 hac

274 429 494 486 hypothesi
522 430 596 471 fixi
625 429 771 479 forent,
803 439 844 471 et
873 445 1052 486 quonam
1076 429 1228 486 angulo
1256 430 1388 471 orbita
1411 430 1543 471 Lunae
1571 429 1676 470 foret
1695 429 1888 470 inclinata
1915 425 1971 469 ad

275 503 517 557 eclipticam,
546 501 656 542 unde
686 503 880 558 quoniam
899 504 948 544 ea
969 504 1179 544 inclinatio
1200 511 1390 546 constans
1423 511 1540 554 esset,
1571 502 1761 545 distantia
1785 501 1918 543 Lunae
1945 514 1972 540 a

273 574 401 629 plano
421 573 618 627 eclipticae
637 587 712 627 per
731 573 1070 628 perpendiculum
1090 574 1336 625 mensurata,
1357 574 1463 616 foret
1483 589 1642 629 semper
1660 573 1972 630 proportionata

275 645 477 686 distantiae
497 645 826 700 perpendiculari
858 645 991 686 Lunae
1012 662 1035 686 a
1055 645 1162 687 linea
1187 645 1404 696 nodorum,
1436 645 1573 700 itaque
1604 659 1657 685 ex
1685 643 1850 702 cognito
1878 643 1971 684 loco

276 718 411 759 Lunae
433 725 473 758 et
492 716 697 757 nodorum
717 717 911 773 cognosci
929 718 1080 771 poterit
1101 732 1280 772 quonam
1301 717 1377 758 sub
1397 716 1549 773 angulo
1570 716 1691 757 Luna
1712 715 1764 756 ab
1785 712 1971 769 ecliptica
2007 727 2010 731 ·

276 791 427 831 distare
447 789 633 831 videatur
653 804 707 830 ex
725 788 814 843 ipsa
836 788 993 839 Terra;
1025 797 1066 831 et
1094 789 1147 830 ad
1167 788 1376 845 quodnam
1394 796 1593 844 punctum
1613 786 1810 842 eclipticae
1830 784 1973 827 referri

277 862 435 903 debeat.

335 934 379 975 Si
399 934 534 989 itaque
551 933 685 974 Lunae
700 940 836 974 motus
850 932 952 973 citra
973 931 1177 972 actionem
1199 931 1305 973 Solis
1327 930 1649 979 considerentur,
1671 927 1823 970 tabulae
1843 935 1974 970 astro-

275 1004 448 1044 nomicae
470 1003 632 1043 lunares
652 1003 751 1043 haec'
763 1002 971 1043 continere
991 1001 1213 1045 debebunt.

335 1073 488 1116 Primo.
540 1074 754 1129 Epocham
774 1074 854 1115 loci
875 1073 1008 1114 Lunae
1029 1073 1125 1114 dato
1146 1073 1284 1129 aliquo
1304 1080 1511 1127 tempore3
1542 1078 1628 1112 tum
1650 1069 1976 1111 observationem

274 1146 355 1186 loci
383 1145 544 1201 apogaei
563 1145 675 1200 quod
695 1145 826 1185 fixum
845 1152 1040 1194 maneret,
1075 1151 1116 1185 et
1146 1143 1473 1184 observationem
1491 1141 1572 1183 loci
1590 1140 1795 1182 nodorum
1822 1140 1977 1195 pariter

274 1215 468 1255 fixorum.

333 1285 484 1326 Postea
513 1284 726 1326 continere
755 1284 966 1325 debebunt
985 1284 1168 1326 tabulam
1186 1291 1322 1326 motus
1344 1283 1483 1334 medii,
1513 1291 1603 1324 tum
1629 1283 1810 1326 tabulam
1839 1297 1978 1339 aequa-

273 1358 396 1399 tionis
432 1356 567 1398 Lunae
601 1355 827 1397 secundum
865 1357 949 1411 ejus
990 1355 1224 1397 distantiam
1257 1355 1435 1397 mediam
1469 1355 1521 1396 ab
1557 1369 1756 1411 apogaeo;
1795 1354 1979 1397 tabulam

273 1428 503 1470 latitudinis
525 1428 660 1469 Lunae
691 1427 917 1468 secundum
946 1429 1100 1469 variam
1125 1428 1359 1469 distantiam
1380 1429 1513 1476 Lunae
1541 1425 1704 1469 a’nodo
1734 1436 1775 1469 et
1802 1426 1980 1483 denique

275 1501 459 1542 tabulam
478 1498 727 1540 reductionis
745 1499 877 1540 Lunae
898 1499 951 1539 ad
970 1500 1211 1554 eclipticam,
1235 1498 1462 1541 secundum
1482 1515 1572 1541 eam
1592 1500 1823 1542 distantiam
1845 1499 1980 1542 Lunae

274 1589 297 1614 a
320 1571 446 1613 nodo.

332 1642 514 1683 Possunt
540 1641 606 1682 his
636 1639 746 1690 addi,
778 1638 918 1680 tabula
947 1638 1232 1680 distantiarum
1258 1638 1392 1680 Lunae
1421 1654 1446 1679 a
1476 1638 1609 1680 Terra
1638 1630 1866 1682 secundum
1893 1639 1980 1694 ejus

273 1711 508 1753 distantiam
538 1710 590 1751 ab
619 1710 705 1763 ejus
725 1723 910 1764 apogaeo,
942 1708 1081 1749 tabula
1099 1708 1395 1749 diametrorum
1414 1708 1499 1763 ejus
1520 1708 1805 1763 apparentium
1834 1723 1980 1751 secun-

273 1781 374 1823 dum
404 1781 591 1823 eamdem
612 1780 848 1821 distantiam
879 1779 930 1820 ab
959 1794 1145 1837 apogaeo,
1176 1788 1217 1821 et
1245 1780 1423 1836 denique
1450 1779 1591 1821 tabula
1609 1780 1877 1837 parallaxeos·
1896 1780 1980 1840 quii
2054 1834 2055 1838 Ἰ

273 1852 517 1907 deprimitur
534 1851 655 1892 Luna
669 1857 859 1905 respectu
875 1851 1114 1905 spectatoris
1134 1851 1179 1892 in
1200 1850 1416 1907 superficie
1430 1850 1612 1894 Tellmis
1633 1850 1835 1904 collocati,
1855 1861 1981 1908 prout

273 1922 434 1963 diversa
454 1929 515 1962 est
535 1922 621 1976 ejus
643 1935 667 1961 a
687 1920 820 1961 Terra
842 1919 1046 1971 distantia,
1078 1928 1119 1962 et
1145 1929 1268 1977 prout
1295 1922 1469 1963 altitudo
1489 1937 1615 1978 supra
1633 1923 1891 1966 horizontem
1918 1931 1981 1966 est

273 1993 449 2034 diversa.
1975 1998 1986 2001 s

331 2065 446 2106 Talis
466 2064 571 2105 soret
590 2071 675 2105 tota
696 2064 748 2104 de
770 2062 892 2106 Luna
913 2063 1084 2115 theoria,
1108 2065 1209 2106 citra
1232 2065 1338 2107 Solis
1357 2065 1560 2106 actionem
1571 2079 1583 2114 ;
1615 2064 1688 2106 sed
1702 2066 1790 2120 jam
1809 2081 1834 2107 a
1851 2065 1980 2123 longo

273 2145 460 2192 tempore
499 2137 790 2177 intellexerunt
825 2137 1063 2187 astronomi,
1105 2137 1268 2178 lunares
1299 2145 1435 2178 motus
1464 2152 1489 2177 a
1518 2137 1653 2178 Lunae
1681 2137 1762 2179 situ
1790 2145 1980 2193 respectu

274 2208 383 2251 Solis
403 2209 632 2264 plurimum
661 2207 832 2256 turbari,
861 2207 973 2248 unde
997 2207 1130 2248 varias
1150 2208 1436 2258 correctiones,
1469 2207 1552 2249 sive
1578 2208 1828 2263 aequationes
1857 2208 1978 2250 variis

272 2279 401 2320 titulis
423 2279 670 2320 concinnare
691 2286 787 2319 sunt
807 2278 955 2319 conati.
1484 2330 1486 2333 ι

331 2348 470 2398 Quam
489 2349 719 2390 luculenter
741 2363 793 2389 ex
812 2349 1021 2405 gravitatis
1040 2348 1212 2398 theoria,
1244 2349 1335 2390 haec
1353 2363 1439 2390 non
1458 2348 1584 2390 modo
1603 2348 1872 2405 explicentur,
1903 2349 1979 2394 sed

272 2421 396 2462 etiam
409 2429 601 2462 accurato
614 2420 772 2461 calculo
784 2420 1120 2470 determinentur,
1135 2421 1417 2462 demonstrare
1432 2437 1648 2479 aggressus
1661 2430 1723 2464 est
1736 2422 1974 2473 Newmnus,

272 2499 313 2532 et
343 2506 410 2532 eas
440 2506 582 2533 omnes
612 2492 861 2546 aequationes
882 2506 975 2547 quae
1004 2506 1058 2533 ex
1090 2491 1185 2534 Sole
1209 2491 1404 2546 pendent,
1437 2492 1600 2534 calculis
1631 2507 1685 2533 ex
1713 2491 1872 2535 theoria
1901 2491 1975 2538 su&

272 2561 458 2603 deductis
479 2563 535 2603 ita
554 2561 727 2603 feliciter
756 2562 896 2603 statuit
914 2570 961 2603 ut
979 2570 1115 2603 motus
1137 2563 1271 2604 Lunae
1291 2564 1427 2618 ejusve
1456 2563 1706 2619 aequationes
1735 2579 1788 2605 ex
1816 2563 1975 2606 calculo

272 2641 446 2688 repertae
461 2634 505 2674 in
519 2633 679 2674 minuto
695 2633 875 2674 secundo
896 2641 966 2674 aut
979 2632 1111 2688 prope
1128 2648 1222 2674 cum
1242 2634 1290 2674 iis
1311 2648 1404 2689 quae
1424 2634 1476 2675 ab
1497 2634 1818 2676 accuratioribus
1833 2634 1975 2676 obser-

273 2707 503 2748 vationibus
525 2707 789 2748 determinari
803 2713 1040 2761 potuerunt,
1073 2706 1340 2756 consentiant,
1367 2706 1479 2762 quod
1495 2706 1754 2748 autoritatem
1768 2706 1975 2764 integram

271 2777 329 2818 illi
349 2779 519 2820 theoriae
535 2779 738 2821 conciliat.
789 2778 949 2819 Calculi
962 2785 1100 2818 autem
1120 2778 1192 2828 illi,
1214 2792 1291 2819 nec
1305 2777 1443 2819 faciles
1459 2786 1565 2828 sunt,
1584 2792 1661 2819 nec
1676 2777 1971 2833 compendiosi,

270 2865 346 2892 nec
367 2867 526 2908 semper
547 2851 762 2894 commode
784 2852 837 2893 ad
857 2851 1127 2908 syntheticam
1146 2851 1321 2892 formam
1341 2850 1587 2900 reducendi3
1619 2865 1721 2905 quos
1744 2849 1973 2892 Newtonus

269 2921 349 2963 hac
363 2922 502 2964 ultima
526 2925 683 2965 ratione
703 2923 847 2964 lectori
868 2937 942 2964 suo
963 2923 1104 2964 sistere
1122 2922 1270 2978 potuit,
1302 2937 1372 2964 eos
1403 2921 1611 2964 enucleate
1631 2921 1769 2973 tradit,
1801 2929 1972 2964 caeteros

270 2992 431 3043 omittit,
454 3001 495 3034 et
515 2994 627 3048 quod
642 3008 694 3034 ex
709 2994 757 3035 iis
773 2993 981 3034 obtinetur
995 2993 1166 3034 strictim
1186 2993 1230 3034 in
1253 2992 1420 3035 Scholio
1435 2991 1599 3041 indicat,
1623 2999 1664 3033 et
1675 2992 1811 3046 primo
1828 2990 1972 3047 quales

268 3062 351 3104 sint
368 3063 448 3103 illae
464 3063 715 3119 aequationes
729 3064 850 3119 juxta
863 3072 1193 3105 astronomorum
1207 3063 1512 3105 observationes
1532 3062 1644 3113 dicit,
1666 3069 1706 3103 et
1725 3062 1971 3119 quibusnam
