2072 3522
216 293 299 330 134·

534 457 913 501 PROPOSITIO
944 457 1045 500 XL.

620 286 1073 331 PHILOSOPHIAE
1103 286 1465 331 NATURALIS
1508 289 1603 341 [DE
1618 289 1778 331 Mum).
1797 290 1920 332 Svs'r.

1107 455 1465 500 THEOREMA
1497 456 1605 499 XX.

213 574 392 614 cometas
413 573 456 613 in
475 572 709 614 sectionibus
728 572 874 614 conicis
892 571 1093 613 umbilicos
1113 572 1157 612 in
1175 577 1308 613 centro
1328 571 1433 614 Solis
1451 552 1682 612 habentibus
1699 570 1858 620 moveri,
1880 575 1920 610 et

324 643 457 684 radiis
475 644 532 683 ad
550 643 676 685 Solem
696 644 823 684 ductis
844 657 962 684 areas
981 643 1218 697 temporibus
1231 642 1559 697 proportionales
1576 641 1803 683 describere.

273 773 326 828 (¹²)
358 773 479 815 Patet
506 787 582 828 per
616 772 757 815 Corol.
782 777 819 813 1.
843 772 970 828 Prop.
994 771 1128 814 XIII.
1151 770 1269 813 Libri
1281 770 1427 821 Primi,
1458 769 1654 812 collatum
1670 783 1767 811 cum
1788 768 1915 825 Prop.

212 841 337 884 VIII.
359 843 467 884 XII.
489 850 530 884 et
551 842 683 884 XIII.
706 841 967 886 LibriTertii.

270 914 399 955 Cor-ol.
425 919 462 954 1.
495 913 612 954 Hinc
642 913 677 954 si
705 919 878 954 cometae
906 911 951 953 in
978 910 1123 953 orbem
1151 911 1340 962 redeunt,
1370 910 1493 952 orbes
1521 916 1643 952 erunt
1670 907 1846 965 ellipse&
1875 915 1918 950 et

207 992 395 1040 tempora
422 985 632 1040 periodica
660 991 782 1026 erunt
810 984 865 1026 ad
893 991 1081 1040 tempora
1107 984 1319 1040 periodica
1349 983 1609 1039 planetarum
1629 983 1679 1039 (⁰)
1698 982 1744 1024 in
1771 981 1918 1025 axium

205 1058 496 1114 principalium
515 1058 675 1100 ratione
695 1058 995 1115 sesquiplicatfi.
1051 1056 1108 1114 (Ρ)
1130 1058 1316 1115 Ideoque
1334 1065 1506 1099 cometae
1525 1056 1706 1099 maxim&
1726 1071 1780 1099 ex
1798 1063 1918 1112 parte

207 1145 332 1186 supra
350 1130 534 1186 planetas
546 1137 769 1181 versantes,
787 1138 828 1172 et
841 1145 892 1172 eo
907 1131 1075 1173 nomine
1090 1131 1212 1174 orbes
1227 1131 1373 1194 axibus
1387 1131 1610 1187 majoribus
1623 1130 1914 1182 describentes,

247 1243 294 1286 (¹²)
322 1247 340 1263 '⁸
369 1246 468 1278 Patet.
518 1245 677 1284 Quonim
704 1250 832 1277 cometae
860 1250 950 1276 motu
978 1255 1037 1277 suo

203 1286 301 1317 lineas
319 1296 427 1318 curvas
447 1286 528 1318 circ&
551 1287 655 1318 Solem
670 1287 855 1325 describunt,
878 1294 916 1318 ut
929 1297 967 1318 ex
982 1289 1036 1318 ob-

203 1328 423 1360 servationibus
437 1335 564 1367 constat,
580 1331 611 1362 vi
624 1330 729 1372 aliqua
742 1340 761 1361 a
774 1336 864 1361 motu.
877 1330 1037 1362 rectilineo

203 1370 425 1412 detorquentur
448 1373 518 1414 (per
539 1372 601 1414 leg
626 1372 685 1413 1.).
749 1372 908 1411 Quoniam
932 1378 1037 1404 autem

203 1414 270 1444 haec
295 1414 340 1444 vis
364 1424 435 1455 quae
453 1414 592 1454 planetas
613 1425 633 1446 a
655 1414 746 1446 lineis
765 1415 855 1446 rectis
875 1413 1038 1456 detorquet

202 1455 337 1488 maxime
365 1457 464 1488 tendit
491 1464 597 1488 versus
627 1457 732 1488 Solem
760 1463 797 1489 ut
824 1456 896 1497 pote
923 1467 1036 1498 corpus

203 1504 314 1529 caetera
337 1499 442 1530 omnia
465 1499 636 1539 systematis
659 1499 766 1531 solaris
790 1509 917 1540 corpora
941 1500 1035 1542 longe

203 1550 360 1580 superans,
386 1541 496 1573 eadem
516 1542 640 1584 quoque
662 1542 707 1573 vis
725 1543 760 1572 in
778 1550 913 1574 cometas
933 1543 1036 1574 Solem

204 1582 341 1614 maxime
362 1583 453 1615 debet
473 1585 631 1624 respicere.
690 1584 752 1616 Sed
775 1585 821 1615 vis
842 1584 1036 1616 acceleratrix

204 1624 239 1655 in
260 1625 390 1665 planetis
403 1632 450 1658 est
469 1626 504 1657 in
517 1626 675 1667 duplicati
687 1627 806 1659 ratione
820 1627 1036 1659 distantiarum

202 1677 222 1697 a
238 1667 309 1699 Sole
323 1668 441 1700 inversii
457 1669 568 1711 (Prop.
585 1670 690 1701 VIII.
706 1670 776 1701 Lib.
794 1670 894 1710 111.).
930 1670 1037 1706 Quare

202 1710 333 1741 eandem
346 1721 469 1752 quoque
489 1712 593 1753 legem
607 1714 766 1743 observare
780 1712 894 1743 debent
907 1719 1037 1743 cometoe

202 1761 274 1792 quoe
299 1759 372 1784 sunt
394 1763 521 1792 corpora
546 1754 678 1795 planetis
698 1754 821 1792 similia,
847 1764 883 1785 ac
907 1754 1036 1793 proinde

224 1794 294 1824 Cor.
315 1795 409 1834 Prop.
429 1796 538 1826 XIII.
554 1797 625 1827 Lib.
642 1796 670 1826 Ι.
685 1802 716 1827 et
732 1796 826 1835 Prop.
841 1796 948 1827 XIII.
964 1796 1036 1828 Lib.

227 1836 293 1877 11.)
309 1844 438 1868 cometae
451 1848 516 1868 non
529 1848 617 1870 secus
630 1848 667 1869 ac
687 1838 819 1878 planetas
840 1838 874 1870 in
893 1838 1034 1870 sectioni-

201 1879 261 1909 bus
274 1879 389 1910 conicis
403 1880 565 1911 umbilicos
579 1881 613 1910 in
626 1887 731 1912 centro
753 1881 833 1912 Solis
853 1881 1036 1912 habentibus

202 1927 366 1951 moventur
386 1927 418 1952 et
437 1922 532 1953 radiis
557 1923 598 1954 ad
621 1922 725 1953 Solem
738 1923 841 1954 ductis
855 1932 940 1954 areas
954 1929 1034 1954 tem-

201 1963 328 2003 poribus
342 1964 584 2004 proportionales
606 1965 793 1996 describunt.
841 1965 924 1996 Haec
943 1964 988 1996 its
1002 1976 1035 1997 se

202 2006 325 2043 habent,
339 2007 374 2041 ,εἰ
398 2007 452 2038 sol
471 2017 490 2037 e
505 2007 574 2038 loco
589 2017 646 2038 suo
660 2008 838 2038 nullatenus
851 2013 1033 2046 moveatur3

202 2047 258 2079 sed
281 2049 421 2090 quamvis
446 2050 501 2083 Sol
524 2060 579 2089 per
605 2050 816 2082 attractionem
842 2050 1035 2090 planetarum

202 2097 350 2130 perpetuo
366 2098 455 2122 motu
466 2093 607 2133 agitetur,
621 2102 684 2122 non
694 2098 799 2123 tamen
813 2091 907 2133 longe
920 2092 1035 2124 recedit

202 2142 222 2163 a
236 2134 394 2164 communi
404 2134 560 2175 gravitatis
568 2141 672 2165 centro
680 2134 873 2174 planetarum
881 2135 1032 2172 omnium,

202 2173 336 2216 ide6que
356 2177 449 2206 etiam
471 2183 599 2207 cometae
618 2177 672 2217 qui
686 2177 719 2206 in
733 2177 913 2217 regionibus
925 2187 944 2208 a
962 2177 1034 2208 Sole

201 2217 338 2249 maxime
367 2218 479 2250 dissitis
504 2225 742 2256 commorantur,
767 2229 830 2249 non
849 2229 1035 2261 magnopere

202 2260 295 2301 hujus
308 2261 404 2292 centri
418 2261 514 2292 situm
535 2262 658 2292 turbare
677 2267 815 2301 possunt.
865 2261 970 2298 Quare
984 2272 1035 2293 or-

202 2302 336 2333 bitarum
350 2313 479 2334 suarum
492 2303 658 2335 umbilicus
678 2313 743 2334 non
763 2303 856 2344 longe
871 2304 995 2336 distabit
1015 2315 1034 2336 a

202 2351 307 2376 centro
324 2345 413 2383 Solis,
433 2356 469 2377 ac
490 2346 619 2386 proinde
640 2346 806 2387 propositio
825 2347 891 2377 haec
904 2357 975 2378 vera
989 2353 1035 2378 est

203 2387 446 2427 quamproxime.
505 2389 669 2425 Quantum
697 2388 838 2419 accurate
867 2390 1033 2421 observatis

202 2436 390 2461 cometarum
405 2430 540 2462 motibus
554 2436 713 2472 congruat,
729 2430 844 2470 patebit
857 2431 1010 2471 deinceps.

247 2475 318 2504 156.
357 2473 513 2513 Keplerus
536 2474 648 2514 aliique
673 2479 741 2513 post
765 2483 838 2504 eum
867 2474 1034 2505 astronomi

203 2523 267 2544 non
282 2516 382 2554 pauci,
397 2522 531 2547 cometas
544 2516 577 2546 in
590 2516 680 2547 lineis
690 2515 779 2547 rectis
792 2517 905 2546 moveri
920 2526 1033 2555 posue-

202 2563 285 2595 runt,
302 2564 333 2588 et
346 2557 419 2588 inde
432 2564 621 2589 cometarum
629 2557 835 2599 quorumdam
850 2558 917 2589 loca
930 2560 1032 2590 obser-

202 2599 375 2633 vationibus
400 2601 473 2631 satis
497 2611 635 2642 cong-rua
655 2601 774 2631 calculo
797 2601 1030 2642 investigarunt.

205 2641 271 2674 Res
284 2641 329 2673 its,
343 2643 505 2674 succedere
519 2650 628 2683 potest,
643 2643 670 2674 si
683 2645 858 2674 observetur
867 2650 986 2674 cometa
999 2643 1034 2674 in

202 2682 240 2714 eti.
254 2684 389 2725 ‚tantum
411 2686 517 2716 orbitae
544 2696 609 2717 sure
630 2691 716 2725 parte
736 2695 806 2727 quae
831 2696 850 2716 a
868 2684 951 2716 recta
970 2696 1033 2716 non

205 2726 341 2759 multum
356 2728 485 2759 differat.
535 2729 581 2759 Sit
599 2729 629 2758 A
643 2726 672 2759 P
685 2728 714 2758 V
728 2728 757 2758 B
770 2728 804 2764 C,
820 2730 914 2759 sectio
927 2729 1035 2760 conica

201 2769 372 2801 admodtun
386 2771 557 2801 excentrica
577 2771 611 2801 in
632 2770 723 2812 cujus
737 2770 885 2802 umbilico
898 2771 995 2802 altero
1011 2771 1044 2802 S-

134 2835 137 2845 s
202 2811 388 2843 collocatum
402 2813 442 2843 sit
458 2812 537 2844 Solis
551 2819 703 2844 centrum.
750 2813 910 2844 Ponamus
930 2823 1034 2845 come÷

202 2860 265 2883 tam
293 2855 457 2893 observari,
484 2855 561 2886 dum
588 2855 694 2887 orbitae
715 2865 780 2886 suae
801 2862 919 2895 partem
944 2856 975 2887 A
994 2855 1032 2894 P,

202 2895 364 2936 describit3
388 2897 453 2928 fieri
474 2903 574 2938 potest
595 2903 631 2928 ut
651 2897 770 2939 reliquo
787 2904 934 2938 tempore,
957 2898 1035 2930 dum

203 2938 320 2970 scilicet
333 2950 352 2970 a
365 2939 435 2971 loco
452 2940 489 2976 P,
506 2950 560 2980 per
576 2940 617 2978 V,
638 2941 678 2978 B,
692 2940 733 2971 ad
747 2939 851 2970 locum
868 2942 893 2971 C
909 2951 1034 2981 promo-

201 2985 299 3017 vetur,
323 2981 357 3012 in
378 2982 519 3024 regiones
540 2980 757 3013 remotissimas
771 2982 876 3014 abiens
890 2983 987 3014 oculis
1002 2994 1034 3015 se

200 3022 352 3054 subducat
366 3030 396 3055 et
410 3027 468 3056 sub
481 3024 575 3056 radiis
589 3024 738 3055 solaribus
748 3024 903 3056 delitescat
914 3036 1033 3065 respec—

200 3069 237 3094 tu
257 3066 456 3097 observatoris
477 3068 511 3097 in
534 3067 661 3098 Tellure
682 3066 763 3098 circs
780 3067 882 3098 Solem
901 3068 922 3098 S
937 3067 1032 3106 motii,

201 3106 250 3138 vel
278 3107 370 3139 etiam
399 3109 537 3140 accidere
568 3115 669 3149 potest
697 3114 742 3147 ut,
778 3115 865 3140 motu
899 3110 1034 3141 Telluris

200 3147 244 3179 ita
265 3149 416 3192 exigente,
439 3158 559 3183 cometa
584 3162 763 3191 percurrens
785 3153 892 3183 orbitoe
915 3159 1031 3192 purtem

1083 1245 1115 1276 A
1132 1245 1161 1277 P
1177 1246 1208 1276 V
1225 1246 1265 1282 B,
1291 1247 1349 1278 sub
1372 1245 1521 1277 solaribus
1543 1245 1636 1277 radiis
1660 1243 1863 1276 abscondatur
1883 1248 1915 1275 et

1077 1293 1154 1319 tunc
1163 1288 1300 1328 primum
1310 1290 1487 1320 observetur
1500 1287 1575 1319 cum
1583 1288 1623 1319 ad
1631 1287 1736 1318 locum
1747 1287 1777 1318 B
1786 1296 1914 1326 perven-

1074 1331 1145 1368 erit,
1168 1331 1283 1362 lineam
1302 1332 1330 1362 B
1344 1332 1372 1363 C
1393 1330 1609 1370 descripturus.
1652 1330 1695 1361 In
1707 1331 1768 1361 hoc
1781 1335 1915 1369 utroque

1080 1382 1154 1403 casu
1179 1373 1227 1404 via
1249 1380 1376 1405 cometae
1397 1384 1416 1405 a
1438 1373 1521 1404 linesi
1541 1371 1624 1403 recta
1648 1382 1759 1412 parum
1780 1371 1912 1402 differet.

1079 1415 1122 1446 In
1143 1415 1243 1456 primo
1264 1426 1348 1454 casu,
1369 1421 1498 1447 cometae
1511 1426 1530 1447 a
1546 1415 1619 1446 Sole
1631 1415 1767 1454 absorpti
1785 1413 1913 1444 creden-

1079 1463 1140 1495 tur,
1167 1458 1240 1499 quia
1265 1458 1307 1490 sd
1335 1459 1439 1490 Solem
1463 1458 1652 1493 accedentes,
1677 1467 1733 1497 pro
1751 1456 1914 1487 destructis

1078 1500 1284 1532 habebuntur.
1332 1502 1374 1532 In
1388 1501 1485 1533 altero
1499 1511 1583 1538 casu,
1606 1510 1624 1531 e
1641 1499 1712 1531 Sole
1725 1499 1914 1530 videbuntur

1078 1553 1236 1584 emergere
1262 1544 1336 1585 quia
1362 1550 1438 1575 tunc
1473 1544 1611 1584 primum
1637 1552 1703 1574 sese
1730 1541 1913 1580 conspicuo·

1078 1587 1286 1625 praebuerunt,
1313 1586 1390 1618 dum
1415 1597 1435 1617 a
1459 1587 1531 1618 Sole
1558 1586 1592 1616 in
1617 1590 1750 1616 remotas
1772 1583 1913 1624 regiones

1078 1627 1284 1661 discedebant.
1333 1628 1433 1661 Porro
1454 1628 1533 1661 dum
1552 1633 1673 1660 cometa
1686 1637 1792 1659 versus
1806 1625 1913 1658 solen

1074 2303 1239 2340 descendit,
1266 2301 1342 2342 puts
1366 2300 1444 2332 dum
1469 2300 1500 2331 A
1517 2299 1547 2331 P
1570 2298 1718 2338 percurrit
1738 2298 1844 2340 posted
1863 2300 1906 2332 ad

1080 2347 1182 2378 Solem
1197 2345 1344 2378 accedens
1358 2345 1416 2374 sub
1437 2342 1504 2383 ejus
1517 2341 1610 2374 radiis
1632 2342 1712 2378 latet,
1735 2341 1813 2383 putri
1825 2342 1904 2375 dum

1077 2389 1106 2420 P
1129 2389 1160 2420 V
1185 2389 1214 2420 Β
1239 2386 1389 2423 describit,
1412 2384 1598 2426 tandemque
1622 2385 1700 2416 dum
1726 2385 1768 2416 ad
1794 2384 1903 2417 altem

1077 2431 1156 2463 Solis
1169 2435 1270 2471 partes
1283 2427 1385 2460 subita
1404 2427 1542 2469 emergit,
1565 2434 1733 2468 usurpatur
1745 2426 1827 2467 sape
1845 2423 1904 2468 pr'o

1073 2483 1154 2504 novo
1174 2477 1294 2504 cometa
1314 2482 1333 2502 a
1356 2470 1451 2510 priori
1473 2470 1508 2500 in
1537 2470 1567 2502 A
1585 2470 1613 2501 P
1629 2471 1757 2507 diverso,
1777 2475 1810 2500 et
1827 2469 1900 2502 duae

1071 2522 1163 2548 rectae
1187 2516 1218 2547 A
1235 2515 1273 2552 P,
1298 2514 1327 2547 B
1345 2514 1372 2545 C
1393 2522 1449 2553 pro
1463 2512 1584 2544 duabus
1597 2511 1774 2554 trajector-iis
1786 2513 1902 2544 haben.

1073 2564 1133 2589 tur.
1174 2558 1226 2590 Ex
1239 2557 1288 2588 his
1301 2561 1386 2596 pate't
1398 2565 1454 2587 cur
1467 2556 1646 2597 trajector-iae
1659 2552 1833 2590 rectilineo.
1846 2556 1910 2601 ob·-

1073 2600 1198 2632 servatis
1218 2605 1407 2631 cometarum
1427 2598 1562 2629 motibus
1582 2597 1764 2637 plerumque
1776 2607 1902 2637 respon.

1073 2643 1175 2674 deant.
1224 2643 1263 2674 Id
1283 2642 1320 2673 fit
1340 2640 1459 2681 scilicet,
1474 2640 1511 2671 εό
1531 2639 1615 2681 quod
1635 2639 1739 2680 aliqua
1751 2639 1903 2672 duntaxat

1054 2707 1059 2725 ς
1072 2686 1172 2725 portio
1191 2684 1370 2726 trajectoriae
1390 2692 1446 2722 pro
1466 2681 1585 2724 integra
1599 2681 1771 2723 trajecten-ia
1790 2682 1902 2714 habe·-

1072 2734 1133 2760 tur.
1183 2729 1229 2759 At
1250 2727 1275 2758 si
1295 2732 1359 2758 tota
1378 2724 1472 2756 simul
1490 2723 1698 2755 consideretur
1718 2731 1783 2757 tam
1801 2724 1902 2774 imas.

1073 2781 1168 2802 censu
1192 2779 1298 2801 versus
1325 2767 1427 2799 Solem
1451 2765 1546 2807 quam
1569 2766 1603 2797 in
1628 2766 1787 2805 descensu,
1809 2766 1905 2799 alum

1074 2808 1195 2844 nullam
1222 2817 1332 2852 praeter
1358 2809 1524 2841 sectionem
1559 2809 1698 2841 conicum
1732 2809 1904 2842 satisfacere

1073 2855 1233 2887 constabit.

1117 2898 1160 2941 (⁰)
1186 2901 1203 2918 0
1226 2895 1268 2930 [η’
1288 2897 1391 2928 axium
1414 2896 1635 2935 principalium
1653 2896 1771 2930 ratione
1791 2894 1904 2937 naqad-

1070 2939 1200 2981 plicatd.
1247 2939 1356 2981 (Prop.
1377 2937 1456 2968 XV.
1479 2938 1550 2969 Lib.
1570 2937 1617 2978 1.)

1119 2983 1178 3025 (P)
1196 2984 1212 3003 ⁰
1230 2981 1360 3022 Idebque
1374 2986 1493 3011 cometoe
1507 2978 1641 3012 maa-imd
1654 2991 1689 3011 ez·
1705 2985 1794 3021 parce
1806 2977 1902 3020 mprwd

1070 3027 1211 3065 planetas
1231 3029 1392 3059 versantes,
1415 3032 1477 3063 quo
1499 3029 1635 3062 tempore
1659 3022 1773 3053 scilicet
1796 3021 1904 3052 oculos

1075 3074 1193 3098 nostros
1213 3065 1349 3108 fugiunt,
1371 3070 1402 3095 et
1423 3075 1460 3095 eo
1477 3066 1603 3096 nornine
1617 3066 1703 3095 orbes
1717 3063 1824 3095 axibus
1837 3073 1905 3095 mn-

1071 3110 1192 3150 joribus
1206 3115 1301 3150 quom
1311 3108 1446 3148 'planetoe
1460 3107 1663 3138 describentes
1675 3106 1791 3137 tardius
1805 3105 1904 3137 revol-

1074 3158 1191 3183 ventur.
1873 3164 1878 3169 ·
