2072 3522
206 289 259 327 52
418 301 420 303 ·
577 278 1026 323 PHILOSOPHIAE
1058 277 1420 322 NATURALIS
1479 272 1574 333 [Di-2
1595 279 1760 324 Mum).
1783 282 1907 334 Sutor.

207 399 311 440 dunt
321 413 333 448 3
363 398 420 440 ita
438 404 484 439 ut
503 396 679 454 angulus
700 396 808 438 inter
828 402 983 437 rectam
1004 394 1284 450 quiescentem
1308 395 1352 436 N
1371 409 1400 436 n
1429 402 1470 437 et
1489 396 1766 439 revolventem
1790 397 1833 439 T
1851 398 1909 450 A,

206 483 368 524 semper
407 468 480 508 fiat
516 467 685 523 aequalis
724 466 929 507 distantiae
968 465 1155 506 locorum
1197 464 1304 506 Solis
1344 473 1386 506 et
1424 465 1536 506 nodi.
1595 466 1690 508 Jam
1724 467 1758 508 si
1795 475 1910 510 recta

205 542 359 598 quaevis
389 541 429 582 T
452 541 494 582 K
529 540 735 582 dividatur
766 540 810 579 in
829 546 967 594 partes
998 538 1040 579 T
1063 538 1092 579 S
1123 545 1164 578 et
1195 537 1225 578 S
1248 537 1290 578 K
1321 552 1414 593 quae
1445 538 1526 579 sint
1554 546 1601 579 ut
1628 546 1766 580 motus
1799 540 1908 582 Solis

203 615 393 656 horarius
413 613 573 655 medius
603 613 657 654 ad
686 620 846 653 motum
871 610 1084 652 horarium
1103 608 1356 650 mediocrem
1376 609 1477 650 nodi
1496 609 1540 650 in
1560 610 1832 665 quadraturis,
1864 619 1907 654 et

202 694 382 742 ponatur
400 694 512 728 recta
542 686 584 728 T
612 686 661 727 H
689 684 826 726 media
854 698 1031 739 propor-

202 759 366 801 tionalis
394 759 502 801 inter
519 744 681 813 partem
709 757 750 798 T
769 758 802 799 S
832 764 874 798 et
902 763 1030 808 totam

205 831 246 873 T
267 831 323 882 K,
354 831 445 872 haec
469 838 582 871 recta
600 830 707 870 inter
735 828 912 884 reliquas
932 843 1030 882 pro-

200 901 441 957 portionalis
472 901 550 942 erit
569 900 700 942 motui
719 898 856 940 medio
879 898 985 940 Solis
1007 913 1033 939 a

201 972 326 1015 nodo.

297 1050 325 1070 ‘⁶
355 1044 628 1087 Describatur
685 1043 795 1085 enim
853 1041 1029 1084 circulus

202 1115 246 1158 N
267 1116 310 1157 Κ
330 1130 359 1156 n
381 1116 433 1157 M
464 1122 605 1156 centro
631 1113 672 1155 T
701 1122 742 1155 et
770 1113 887 1154 radio
909 1113 949 1154 T
972 1113 1027 1163 K,

200 1186 430 1241 eodemque
479 1192 621 1226 centro
670 1192 711 1225 et
760 1183 1029 1233 semi-axibus

201 1257 242 1298 T
279 1257 328 1297 H
365 1263 407 1296 et
437 1255 478 1297 T
513 1253 556 1295 N
586 1253 842 1295 describatur
876 1252 1030 1307 ellipsis

199 1328 244 1370 N
266 1328 315 1369 H
334 1342 363 1368 n
385 1328 436 1376 L,
470 1334 511 1367 et
536 1326 579 1366 in
599 1333 786 1380 tempore
807 1339 890 1380 quo
913 1324 985 1366 Sol
1005 1340 1030 1364 a

197 1398 310 1439 nodo
325 1398 480 1439 recedit
494 1411 570 1451 per
584 1410 725 1436 arcum
743 1395 786 1436 N
800 1410 836 1445 a,
855 1394 889 1435 si
904 1395 1035 1435 duca--

197 1477 266 1510 tur
285 1475 397 1509 recta
419 1468 459 1509 T
478 1468 506 1508 b
527 1482 564 1518 a,
587 1481 683 1508 area
695 1465 864 1507 sectoris
887 1465 930 1506 N
944 1465 985 1507 T
1004 1481 1029 1506 a

198 1547 380 1595 exponet
409 1553 612 1580 summam
639 1545 827 1579 motuum
857 1537 958 1578 nodi
987 1545 1030 1578 et
1082 1570 1085 1572 .

201 1611 307 1653 Solis
328 1611 372 1651 in
393 1610 543 1651 eodem
563 1621 763 1664 tempore.
816 1608 878 1652 Sit
897 1608 1024 1665 igitur
1043 1624 1162 1652 arcus
1183 1626 1209 1652 a
1229 1611 1270 1652 A
1291 1610 1415 1667 quam
1434 1611 1630 1652 minunus
1651 1625 1772 1667 quem
1793 1618 1906 1653 recta

198 1681 239 1722 T
268 1682 296 1722 b
326 1697 351 1722 a
379 1680 550 1736 praefatfi
570 1680 663 1737 lege
683 1678 896 1722 revolvens
916 1679 960 1720 in
981 1679 1075 1722 data
1106 1681 1304 1737 temporis
1324 1681 1525 1736 particula
1546 1681 1806 1724 uniformiter
1832 1682 1906 1724 de-

197 1753 350 1803 scribit,
385 1761 427 1794 et
458 1760 593 1793 sector
613 1751 738 1808 quam
756 1751 950 1793 minimus
984 1753 1025 1794 T
1058 1753 1100 1794 A
1131 1768 1157 1794 a
1188 1754 1266 1798 erit
1285 1762 1331 1795 ut
1351 1769 1512 1795 summa
1531 1754 1792 1799 velocitatum
1823 1754 1905 1811 quii

199 1825 271 1867 Sol
292 1832 333 1865 et
352 1824 487 1865 nodus
507 1832 597 1865 tum
616 1824 812 1879 temporis
843 1825 1014 1866 seorsim
1034 1824 1236 1867 feruntur.
1298 1827 1407 1868 Solis
1437 1835 1576 1879 autem
1595 1828 1790 1870 velocitas
1818 1826 1906 1869 fere

195 1895 414 1937 uniformis
435 1903 510 1945 est,
541 1903 685 1950 utpote
706 1896 821 1950 cujus
840 1910 970 1950 parva
988 1896 1245 1952 inaequalitas
1266 1897 1337 1937 vix
1357 1897 1485 1938 ullam
1505 1898 1665 1939 inducit
1693 1898 1737 1939 in
1766 1898 1906 1940 medio

195 1966 403 2007 nodorum
422 1973 539 2007 motu
558 1966 809 2008 varietatem.
870 1966 1016 2008 Altera
1043 1981 1140 2021 pars
1159 1967 1282 2023 hujus
1313 1983 1498 2020 summae,
1516 1961 1682 2025 ‘nempe
1711 1971 1907 2012 velocitas

196 2039 296 2080 nodi
316 2039 359 2079 in
379 2038 579 2079 mediocri
599 2037 670 2079 sua
693 2039 919 2094 quantitate
949 2046 1123 2095 augetur
1142 2039 1186 2079 in
1205 2053 1371 2081 recessu
1390 2055 1415 2081 a
1435 2041 1612 2098 syzygiis
1633 2041 1677 2082 in
1697 2040 1906 2096 duplicata

195 2113 355 2154 ratione
376 2112 488 2153 sinus
509 2112 713 2153 distantiae
732 2113 819 2167 ejus
849 2127 873 2153 a
906 2112 1025 2161 Sole3
1056 2126 1133 2166 per
1155 2112 1296 2153 Corol.
1330 2112 1457 2167 Prop.
1480 2112 1661 2155 XXXI.
1694 2114 1788 2156 Lib.
1820 2114 1906 2156 ΙΙΙ.

198 2183 381 2238 Princip.
414 2191 457 2224 et
487 2181 584 2224 clim
603 2183 785 2224 maxima
805 2189 868 2223 est
886 2181 929 2222 in
951 2182 1212 2238 quadraturis
1241 2181 1296 2223 ad
1328 2182 1468 2224 Solem
1487 2182 1532 2223 in
1555 2183 1610 2234 K,
1635 2184 1685 2238 (¹³)
1718 2176 1907 2226 eamdem

195 2256 396 2297 rationem
417 2255 576 2296 obtinet
595 2255 650 2296 ad
672 2255 780 2296 Solis
800 2255 1059 2296 velocitatem
1079 2270 1128 2299 ac
1149 2270 1198 2296 ea
1218 2270 1343 2311 quam
1362 2254 1489 2297 habet
1509 2257 1540 2298 S
1563 2255 1606 2297 K
1627 2256 1680 2298 ad
1701 2256 1743 2298 T
1765 2258 1796 2299 S
1825 2257 1907 2299 hoc

196 2335 258 2367 est
289 2326 335 2380 (⁰)
366 2333 413 2366 ut
434 2325 683 2380 (differentia
702 2325 998 2381 quadratorum
1018 2340 1071 2366 ex
1092 2326 1134 2366 T
1155 2325 1198 2367 K
1227 2333 1269 2367 et
1300 2326 1341 2367 T
1363 2326 1411 2367 H
1431 2325 1513 2378 vel)
1546 2325 1597 2381 (²¹)
1617 2328 1906 2386 rectangulum
1929 2377 1932 2380 ¹

198 2398 242 2440 K
258 2398 308 2440 H
325 2398 377 2439 M
397 2398 451 2439 ad
472 2398 513 2439 T
531 2398 577 2439 H
599 2398 858 2454 quadratum.
921 2398 1004 2440 Sed
1025 2398 1179 2453 ellipsis
1201 2397 1242 2439 N
1257 2398 1295 2439 B
1311 2398 1359 2439 H
1379 2398 1526 2440 dividit
1545 2407 1748 2443 sectorem
1770 2402 1810 2444 A
1825 2401 1867 2444 T
1880 2399 1909 2444 a*

196 2465 368 2510 summae
388 2468 537 2509 harum
558 2468 734 2509 duarum
753 2468 1012 2510 velocitatem
1033 2475 1324 2523 exponentem,
1356 2468 1399 2510 in
1430 2469 1532 2511 duas
1551 2453 1691 2527 partes
1711 2472 1753 2513 A
1775 2472 1812 2514 B
1832 2473 1861 2514 b
1880 2489 1907 2515 a

196 2549 238 2582 et
269 2541 306 2583 B
337 2541 379 2583 T
407 2540 435 2582 b
465 2540 564 2595 ipsis
585 2538 866 2580 velocitatibus
885 2538 1228 2593 proportionales.
1291 2539 1552 2582 Producatur
1571 2541 1681 2583 enim
1713 2542 1750 2584 B
1781 2543 1823 2585 T
1851 2544 1906 2586 ad

197 2599 395 2654 circulum
415 2612 458 2652 in
477 2613 517 2662 β,
540 2619 581 2653 et
601 2627 626 2652 a
643 2617 799 2666 puncto
816 2609 853 2650 B
874 2609 1115 2650 demittatur
1133 2610 1187 2650 ad
1206 2625 1331 2652 axem
1341 2612 1541 2667 majorem
1551 2612 1905 2668 perpendicularis

199 2686 236 2727 B
268 2683 344 2736 G:
358 2700 451 2741 quae
472 2685 664 2741 utrinque
683 2683 887 2740 producta
907 2691 1098 2727 occurrat
1117 2684 1272 2726 circulo
1301 2685 1346 2726 in
1374 2685 1538 2740 punctis
1573 2685 1609 2727 F
1642 2696 1686 2729 et
1714 2685 1741 2738 f}
1779 2689 1828 2744 (⁶)
1863 2696 1906 2732 et

241 2829 284 2871 (¹²)
313 2833 330 2850 ”
348 2832 500 2862 Eamdem
514 2831 664 2862 rationem
679 2829 788 2860 obtinet
802 2837 856 2867 per
870 2833 1027 2859 construc—
1116 2827 1159 2870 (θ)
1189 2829 1204 2848 θ
1238 2829 1280 2860 Ut
1293 2827 1462 2870 dtfferentin
1478 2829 1700 2870 quadratorum
1720 2839 1756 2860 et
1782 2831 1812 2862 T
1823 2832 1860 2862 K
1875 2836 1906 2863 et

196 2874 322 2903 tionem.
1076 2872 1106 2902 T
1116 2871 1156 2901 H
1165 2872 1210 2901 vel
1223 2873 1442 2911 rectangulum
1453 2873 1490 2902 K
1496 2873 1534 2901 H
1542 2873 1589 2902 M.
1637 2871 1697 2902 Est
1708 2872 1792 2903 enim
1803 2873 1833 2904 T
1842 2873 1875 2904 K
1887 2874 1904 2892 ²

241 2915 285 2956 (²)
315 2917 330 2933 ⁰
363 2917 402 2945 Ut
418 2915 591 2956 dtfferentia
607 2916 829 2955 quadratorum
852 2923 886 2943 ez·
907 2914 1026 2944 TKet
1069 2929 1113 2937 —
1129 2913 1158 2942 T
1180 2913 1216 2943 H
1239 2914 1312 2942 ²=
1335 2913 1368 2944 K
1391 2913 1425 2943 H
1450 2917 1483 2950 χ
1511 2913 1548 2943 Η
1567 2913 1617 2951 Μ,
1647 2923 1702 2954 per
1732 2914 1826 2956 Ptop.
1860 2915 1901 2946 V.
1938 2946 1940 2949 ,

202 2959 279 2988 ΤΗ
292 2974 334 2981 -
347 2959 388 2986 ad
409 2959 487 2989 ΤΗ
498 2961 696 2998 quadratum.
743 2956 803 2987 Est
817 2965 853 2984 ex
869 2962 1026 2985 construc-
1070 2955 1142 2986 Lib.
1163 2955 1211 2985 11.
1233 2955 1336 2986 Elem.
1355 2954 1506 2986 Euclidis.

196 3001 281 3030 tione
297 2999 326 3028 T
344 2999 376 3029 K
402 2999 441 3029 ad
469 3000 498 3030 T
514 3000 549 3030 H
574 3006 610 3030 ut
635 3000 664 3030 T
681 2999 716 3030 H
731 2997 771 3029 ad
788 2997 817 3028 T
834 2998 865 3035 S,
893 3004 938 3027 est
953 3008 1027 3037 ergo
1113 2996 1160 3039 (θ)
1179 3000 1195 3017 ⁴
1214 3000 1257 3029 Ee
1273 2999 1417 3038 quoniam
1432 3000 1567 3037 spatium
1583 3000 1615 3030 A
1627 3000 1724 3036 Rha,
1735 2999 1793 3030 διο.
1831 2999 1905 3031 Sec.

199 3042 230 3072 T
247 3041 279 3071 K
295 3043 310 3059 ²
332 3040 370 3071 ad
389 3041 417 3072 T
434 3042 468 3071 H
485 3043 499 3060 ²
522 3048 558 3072 ut
574 3042 603 3072 T
621 3041 653 3071 K
668 3041 709 3072 ad
726 3041 755 3072 T
772 3040 793 3070 S
808 3045 839 3070 et
861 3039 1028 3071 dividendo
1070 3046 1119 3071 tor
1136 3040 1164 3070 T
1182 3041 1211 3070 A
1227 3050 1246 3070 a
1266 3047 1312 3070 est
1325 3039 1365 3070 ad
1380 3046 1527 3070 sectorem
1545 3042 1574 3072 T
1591 3043 1617 3072 B
1632 3042 1653 3072 b
1673 3047 1710 3072 ut
1733 3042 1764 3072 A
1782 3041 1812 3073 T
1826 3043 1841 3061 ²
1864 3041 1906 3073 ad

199 3083 357 3114 TK2—
373 3083 533 3114 TH²ad
550 3083 655 3115 ΤΗ1
671 3089 707 3115 ut
723 3083 753 3115 T
776 3082 906 3114 K-'r
929 3082 1028 3114 Ssive
1073 3082 1102 3114 B
1121 3082 1189 3118 T²‚
1215 3082 1634 3124 (quiapropterparvitatem
1649 3083 1758 3124 anguli
1782 3083 1813 3114 A
1831 3083 1904 3121 Tu,

200 3125 222 3156 S
239 3125 271 3156 K
286 3124 326 3156 ad
343 3125 372 3156 T
389 3125 421 3156 S.
1071 3134 1136 3156 nou
1150 3123 1253 3156 differt
1273 3124 1454 3156 sensibiliter
1468 3131 1567 3157 sector
1594 3126 1624 3157 B
1642 3126 1671 3157 T
1685 3127 1705 3157 b
1727 3126 1766 3157 ab
1790 3135 1829 3157 eo
1849 3126 1907 3167 qni
