2072 3522
160 248 213 284 98
571 239 1020 284 PHILOSOPHIAE
1052 239 1412 287 NATURALIS
1443 241 1537 292 [Dr.
1555 240 1718 282 Mum).
1736 241 1878 284 Siler.-

157 364 199 397 et
219 355 460 397 subducitur
479 356 695 410 posterior,
727 356 800 397 ubi
820 355 954 397 Terra
973 354 1109 410 pergit
1129 369 1152 395 a
1169 353 1370 408 perihelio
1385 369 1460 395 suo
1479 355 1533 396 ad
1553 355 1788 410 aphelium:
1819 362 1860 398 et

157 428 407 471 contrarium
428 428 476 468 fit
495 428 538 468 in
558 428 745 483 opposita
766 428 876 468 orbis
897 436 1026 482 parte.

215 499 260 554 (t)
295 499 377 540 Per
409 498 610 553 theoriam
630 499 841 555 gravitatis
863 499 1046 539 constitit
1074 498 1197 541 etiam
1218 499 1329 554 quod
1351 499 1457 540 actio
1481 500 1587 542 Solis
1616 501 1659 541 in
1693 501 1860 542 Lunam

153 569 278 624 paulo
299 570 429 624 major
460 569 522 619 sit,
558 570 628 610 ubi
662 578 894 611 transversa
914 570 1113 610 diameter
1133 570 1245 611 orbis
1267 569 1423 610 lunaris
1443 571 1589 612 transit
1606 583 1682 625 per
1705 572 1856 621 Solem,

157 639 279 697 quam
301 641 373 682 ubi
393 641 535 682 eadem
559 641 612 682 ad
632 649 766 683 rectos
801 651 863 683 est
898 641 1070 698 angulos
1092 656 1187 682 cum
1206 642 1311 683 linea
1336 643 1512 683 Terram
1533 651 1574 684 et
1597 644 1733 685 Solem
1761 644 1858 699 jun-

151 722 298 770 gente:
331 722 372 756 et
390 723 610 770 propterea
630 715 740 756 orbis
762 715 917 755 lunaris
937 714 1063 769 paulo
1083 715 1215 769 maj0r
1235 722 1297 755 est
1315 715 1357 755 in
1378 715 1517 769 priore
1547 729 1643 756 casu
1663 715 1785 771 quam
1814 717 1858 756 in

151 785 390 839 posteriore.
453 786 504 841 (¹¹)
541 786 597 826 Et
615 785 712 826 hinc
733 786 864 826 oritur
885 785 964 826 alia
984 785 1162 841 aequatio
1182 784 1318 826 motus
1338 785 1463 826 medii
1483 786 1650 836 lunaris,
1672 787 1856 840 pendens

151 870 176 895 a
209 855 290 896 situ
311 856 472 912 apogaei
494 855 627 896 Lunae
662 856 715 896 ad
751 855 902 905 Solem,
940 869 1033 910 quae
1054 854 1220 911 quidem
1240 855 1421 895 maxima
1443 863 1505 896 est
1525 854 1620 896 cum
1640 870 1856 912 apogaeum

152 925 288 967 Lunae
309 935 494 967 versatur
525 927 569 966 in
600 934 763 967 octante
785 941 878 966 cum
903 926 1024 974 Sole3
1056 935 1097 967 et
1116 926 1229 967 nulla
1250 925 1342 967 cum
1363 926 1466 967 illud
1500 927 1553 968 ad
1588 928 1856 983 quadraturas

150 999 217 1040 vel
236 1014 361 1055 syzyg
335 999 419 1039 <rias
438 1013 539 1053 pert
530 999 652 1040 enit
685 1007 725 1040 et
745 999 875 1040 motui
897 992 1034 1039 medio
1054 998 1220 1040 additur
1239 999 1282 1039 in
1303 1000 1478 1040 transitu
1499 1002 1658 1057 apogaei
1679 1001 1813 1042 Lunae
1833 1017 1858 1043 a

154 1069 261 1111 Solis
284 1068 534 1125 quadratura
555 1069 610 1110 ad
630 1069 850 1125 syzygiam,
885 1077 925 1110 et
945 1069 1217 1110 subducitur
1206 1084 1249 1109 m
1269 1071 1443 1111 transitu
1464 1072 1626 1138 apogaei
1647 1087 1671 1112 a
1691 1072 1856 1129 syzygia
1895 1085 1901 1089 ·

149 1139 202 1180 ad
224 1139 530 1195 quadraturam.
592 1139 702 1180 Haee
722 1139 912 1195 aequatio,
949 1154 1071 1195 quam
1092 1147 1329 1180 semestrem
1350 1141 1518 1192 vocabo,
1552 1142 1594 1181 in
1625 1143 1856 1184 octantibus

146 1212 320 1267 apogaei,
358 1211 524 1265 quando
545 1210 726 1249 maxima
745 1218 817 1259 est,
831 1211 1016 1252 ascendit
1035 1211 1090 1252 ad
1111 1213 1162 1252 3'.
1185 1212 1277 1253 45¹¹.
1300 1211 1473 1262 circiter,
1507 1212 1560 1268 (¹)
1583 1211 1783 1271 quantum
1803 1228 1855 1254 ex

144 1281 428 1337 Phaenomenis
450 1280 644 1336 colligere
662 1280 790 1335 potui.

145 1412 220 1441 helio
235 1420 288 1441 suo
303 1413 344 1441 ad
358 1411 511 1450 aphelium
521 1424 531 1445 ,-
556 1416 659 1439 motus
680 1409 799 1449 apogaei
816 1408 917 1438 Lunae
940 1423 985 1449 es.

145 1452 362 1492 progressivus,
390 1459 494 1482 motus
513 1451 676 1481 vero‘nodi
700 1457 745 1481 est
770 1450 983 1490 retrogradus3

148 1493 246 1525 Terra
260 1502 363 1524 autem
380 1505 397 1524 a
412 1494 560 1533 perihelio
575 1494 758 1533 procedente
774 1499 902 1532 uterque
917 1503 984 1522 mo-

146 1543 197 1567 tus
212 1537 309 1577 major
324 1537 358 1567 fit
373 1543 458 1566 motu
472 1537 583 1572 modio,
601 1536 673 1565 inde
682 1546 755 1576 ergo
768 1536 837 1574 plus
849 1535 985 1573 procedit

145 1590 308 1618 apogaeum
323 1580 434 1614 Lunae,
451 1577 544 1618 quam
557 1588 611 1616 per
621 1585 740 1607 motum
754 1578 901 1614 medium,
915 1578 985 1616 plus

136 1621 260 1655 'recedit
275 1622 385 1658 nodus,
409 1621 490 1659 prior
505 1630 578 1661 ergo
594 1621 725 1660 aequatio
740 1620 890 1656 addenda,
914 1630 984 1659 pos-

146 1664 239 1694 terior
253 1663 448 1705 detrahenda.

189 1707 231 1748 (t)
260 1709 277 1726 *²
305 1709 365 1736 Per
391 1707 535 1736 tlzeoriam
559 1707 716 1744 gravitatis
742 1706 870 1735 constitit
893 1706 983 1736 etiam

148 1751 229 1791 quod
249 1751 325 1779 actio
341 1750 413 1778 Solis
435 1750 468 1777 in
493 1749 622 1777 Lunam
640 1749 732 1786 paulo
748 1748 846 1787 major
867 1749 913 1783 sie,
934 1749 984 1777 ubz

148 1798 317 1822 transversa
333 1793 478 1820 diameter
493 1791 568 1819 orbis
591 1791 710 1820 lunaris
733 1791 838 1819 transi!
855 1796 912 1828 per
933 1792 969 1819 So

147 1835 217 1869 lem,
234 1833 288 1862 διε.
341 1832 442 1862 Facile
462 1831 518 1860 de‘
514 1832 624 1861 ucitur
639 1842 675 1860 ex
695 1832 765 1861 Cor.
787 1831 898 1861 Theor.
919 1831 982 1861 IV.

145 1855 255 1906 calc-’uli
278 1875 366 1913 primi
395 1876 477 1914 (pag
506 1874 574 1912 66.)
599 1874 681 1913 quod
711 1875 872 1924 (existente
887 1883 906 1902 x
922 1873 983 1903 dis-

144 1917 240 1948 tantia
261 1918 360 1947 Lunae
376 1927 394 1946 a
410 1914 517 1951 Tema,
544 1926 559 1944 r
574 1917 639 1955 ejus
659 1914 805 1945 distantia
824 1915 980 1952 mediocri,

146 1967 177 1990 et
192 1970 212 1998 y
227 1960 272 1989 sii
275 1970 297 1988 u
321 1960 388 1998 ejus
412 1958 563 1988 distantiae
578 1970 595 1987 a
614 1958 810 1998 quadratum,
835 1957 983 1988 existente

144 2002 237 2032 etiam
265 2002 296 2032 1⁴
314 2003 358 2033 vis
384 2001 462 2030 Solis
485 2001 517 2029 in
546 2001 672 2030 serram
698 2001 730 2029 in
750 2001 895 2030 mediocri
916 2001 983 2040 ejus

145 2043 288 2075 distanti-21
305 2043 338 2083 a)
362 2044 442 2073 actio
461 2041 539 2072 Solis
556 2043 682 2072 Lunam
705 2044 850 2072 trahentis
872 2052 982 2072 secuu-

146 2111 222 2144 dum
248 2112 340 2143 direc
335 2111 447 2142 „ionem
473 2110 550 2140 radii
576 2111 681 2141 orbitae
696 2110 812 2141 lunaris
822 2116 867 2141 est
881 2094 922 2133 ἑ
945 2114 978 2148 ><

892 2146 908 2165 r

261 2184 462 2263 Usta).

144 2181 259 2265 —><(

190 2275 283 2306 Unde
307 2286 343 2305 ea
365 2274 419 2311 vis,
448 2273 543 2304 Luna
557 2274 590 2304 in
611 2265 805 2314 quadraturis
824 2274 980 2310 existente,

147 2345 182 2375 fit
198 2328 237 2398 {m
250 2348 283 2380 ><
302 2318 341 2398 ξ
354 2330 391 2380 x><
410 2361 450 2367 —
465 2352 489 2377 r,
507 2349 553 2372 est
567 2353 640 2383 ergo
654 2344 795 2384 negativa
809 2348 839 2373 et
854 2343 982 2373 Lunam

115 2446 118 2449 Δ
146 2413 185 2443 ad
203 2412 330 2442 Terram
347 2411 488 2447 attrahit;
505 2409 576 2440 cum
593 2409 665 2441 vero
682 2411 774 2442 Luna
788 2417 833 2441 est
847 2410 880 2440 in
895 2421 981 2451 syzy-

147 2480 213 2518 giis,
235 2491 271 2510 ea
286 2480 364 2510 actio
383 2478 462 2510 Solis
477 2478 511 2509 fit
525 2463 565 2534 -Χῐ
582 2484 614 2515 ><
632 2454 721 2536 {X
740 2482 760 2509 2
773 2489 797 2515 r,
822 2484 867 2509 est
882 2479 984 2519 itaque

147 2551 275 2590 positiva
297 2555 327 2580 et
354 2550 477 2580 Lunam
504 2561 522 2580 a
547 2550 644 2580 Terra
659 2549 818 2586 distrahit;
846 2549 876 2578 in
904 2549 977 2579 locis

147 2600 250 2624 autem
267 2591 418 2623 similibus
439 2593 487 2622 hae
513 2593 590 2622 Solis
612 2593 745 2622 actiones
764 2597 836 2621 sunt
859 2597 893 2621 ut
914 2590 975 2621 dis-

147 2636 252 2666 tantiae
276 2645 293 2665 x
321 2634 421 2665 Lunae
436 2646 454 2664 a
471 2633 575 2664 Terra.
626 2635 712 2664 Hinc
735 2634 760 2664 si
783 2633 902 2671 apsides
916 2634 977 2663 sint

147 2679 178 2707 in
194 2677 334 2718 syzygiis,
351 2677 390 2706 sit
406 2676 476 2707 vero
491 2677 604 2708 Luna.‘
596 2687 627 2706 ιιι
643 2675 846 2716 quadraturis,
861 2678 910 2705 ubi
922 2687 976 2714 per

146 2721 297 2751 actionem
317 2718 395 2749 Solis
421 2719 460 2749 ad
485 2720 613 2751 Terram
635 2718 772 2753 trahitur,
795 2719 893 2747 ambae
915 2717 975 2747 dis-

148 2763 252 2795 tantiae
278 2772 296 2791 x
325 2760 427 2792 Lunae
452 2761 485 2791 in
508 2760 638 2801 utraque
663 2759 850 2801 quadratura
871 2761 976 2798 positae

109 2825 111 2827 .
147 2811 219 2834 sunt
241 2803 334 2834 simul
351 2803 483 2844 aequales
498 2804 582 2835 lateri
607 2809 689 2833 recto
711 2802 816 2832 orbitae
839 2802 975 2839 lunaris;

147 2845 220 2877 curn
237 2845 307 2876 vero
323 2845 418 2876 Luna
431 2852 476 2876 est
491 2846 523 2875 in
538 2844 670 2886 syzygiis
691 2844 742 2874 ubi
759 2854 812 2882 per
826 2844 977 2874 actionem

150 2888 230 2919 Solis
245 2899 263 2919 a
279 2886 377 2918 Terra
391 2888 578 2924 distrahitur,
595 2888 693 2918 ambae
708 2886 858 2916 distantiae
874 2897 893 2915 x
911 2887 977 2916 Lu-

147 2940 197 2960 nae
221 2930 254 2959 in
276 2930 492 2970 conjunctione
511 2936 542 2960 et
562 2929 752 2969 oppositione
773 2929 879 2967 positae
904 2936 976 2959 sunt

147 2972 241 3002 simul
268 2972 401 3012 aequales
425 2973 475 3003 axi
498 2972 615 3014 majori,
641 2971 695 3013 qui
715 2981 832 3010 semper
855 2977 976 3011 superat

147 3014 230 3044 latus
244 3021 370 3044 rectum.

193 3056 225 3087 Si
240 3054 311 3086 vero
326 3057 444 3095 apsides
458 3063 530 3087 sunt
551 3057 583 3086 in
605 3055 804 3097 quadraturiS,
831 3062 861 3086 et
884 3056 976 3086 Luna

145 3097 240 3130 etiam
254 3097 288 3129 in
301 3098 506 3139 quadraturis,
522 3100 621 3130 ambae
636 3098 787 3130 distantiae
796 3108 816 3128 x
827 3098 855 3129 I
857 3108 928 3128 unae
942 3099 975 3129 in

860 1283 970 1324 Haec
1002 1290 1064 1324 est
1097 1284 1183 1338 ejus
1205 1283 1409 1339 quantitas
1444 1284 1484 1324 in
1517 1284 1713 1324 mediocri
1747 1283 1855 1326 Solis

1021 1410 1152 1452 utraque
1166 1410 1351 1452 quadratura
1365 1411 1480 1450 poshae,
1506 1410 1599 1440 simul
1613 1417 1754 1449 sumptae,
1781 1417 1856 1442 sunt

1023 1455 1153 1495 oequales
1168 1454 1216 1484 axi
1233 1454 1349 1494 majori,
1366 1460 1396 1484 et
1411 1452 1482 1484 cum
1497 1453 1591 1483 Luna
1606 1462 1651 1482 est
1665 1453 1697 1482 in
1713 1453 1854 1492 syzygiis,

1023 1499 1123 1527 ambae
1143 1495 1190 1527 dis
1191 1496 1296 1526 tantiae
1317 1506 1335 1525 x
1361 1496 1461 1526 Luna:
1476 1495 1508 1526 in
1519 1496 1740 1536 *conjunctione
1755 1501 1786 1524 et
1800 1505 1855 1534 op-

1025 1540 1174 1578 positione
1191 1540 1306 1578 positae,
1324 1545 1395 1568 sunt
1411 1538 1503 1568 simul
1519 1537 1650 1577 aequales
1665 1537 1751 1567 lateri
1773 1544 1856 1567 recto
1869 1556 1878 1573 s

1025 1583 1132 1612 orbitae
1147 1582 1271 1611 lunaris.

1070 1626 1099 1654 F
1089 1635 1157 1664 rgo
1172 1635 1244 1654 cum
1260 1622 1379 1662 apsides
1390 1629 1462 1653 sunt
1476 1622 1507 1652 in
1524 1622 1662 1662 syzygiis,
1680 1621 1759 1652 actio
1777 1621 1856 1652 Solis

1026 1677 1095 1707 quae
1112 1666 1236 1697 Lunam
1253 1667 1291 1696 ad
1309 1667 1434 1695 Terram
1451 1666 1581 1701 attrahit,
1605 1671 1650 1694 est
1665 1665 1776 1701 minor,
1793 1670 1824 1694 et
1837 1675 1855 1695 e

1026 1715 1131 1740 contra
1156 1709 1235 1739 actio
1257 1718 1327 1759 quae
1345 1708 1469 1737 Lunam
1495 1718 1514 1736 a
1537 1706 1634 1736 Terra.
1648 1707 1788 1736 distrahit
1809 1712 1855 1737 est

1027 1752 1123 1789 major
1144 1761 1237 1790 quam
1260 1760 1333 1779 cum
1355 1749 1474 1787 apsides
1498 1755 1571 1778 sunt
1594 1749 1625 1778 in
1649 1748 1852 1788 quadraturis,

1021 1790 1153 1841 ideoque
1169 1793 1250 1822 orbis
1265 1791 1382 1821 lunaris
1404 1791 1496 1839 paulo
1517 1791 1613 1831 major
1628 1790 1694 1820 fieri
1715 1790 1828 1821 debet'
1819 1801 1853 1821 m

1021 1835 1121 1874 priore
1136 1845 1208 1864 casu
1223 1844 1318 1874 quam
1333 1834 1364 1862 ir
1381 1834 1553 1872 posteriore.

1066 1887 1117 1917 De
1129 1887 1251 1926 punctis
1262 1892 1365 1916 autem
1377 1886 1457 1915 inter
1465 1885 1663 1925 quadraturas
1673 1891 1703 1915 et
1715 1885 1853 1925 syzygias

1021 1929 1211 1965 intermediis
1233 1930 1270 1958 ab
1292 1937 1329 1958 eo
1350 1928 1432 1967 quod
1455 1928 1487 1956 in
1509 1928 1557 1956 his
1572 1927 1694 1965 punctis
1711 1927 1854 1957 extremis

1022 1972 1131 2007 evenit,
1143 1971 1275 2011 judicari
1286 1977 1394 2009 potest,
1412 1969 1464 1999 scd
1476 1969 1667 2008 potissimum
1680 1979 1716 1999 ex
1733 1969 1851 2000 calculo

1021 2024 1083 2053 quo
1099 2013 1231 2054 aequatio
1245 2023 1282 2043 ex
1297 2011 1355 2043 bac
1371 2012 1463 2043 causti.
1479 2018 1549 2042 nata
1563 2011 1793 2051 determinatur.

1066 2070 1109 2112 (¹¹)
1135 2073 1151 2090 '⁸¹
1171 2073 1214 2101 Et
1229 2072 1299 2101 hinc
1313 2072 1410 2100 oritur
1432 2071 1491 2113 αἰίι
1508 2070 1633 2109 oequatio
1648 2075 1748 2099 motus
1763 2070 1853 2100 medii

1022 2115 1148 2149 lunaris,
1160 2113 1215 2142 Sec.
1252 2113 1360 2152 HuJus
1372 2107 1550 2150 aequmionis
1561 2111 1714 2141 calculum
1726 2111 1852 2151 ejusque

1021 2155 1105 2195 leges
1120 2155 1284 2193 explicatas
1295 2156 1367 2184 hab*k
1367 2165 1388 2183 s
1407 2152 1863 2194 Prcbl.V1.caltu11secund1K
1910 2164 1913 2169 ·

1023 2199 1108 2238 (pag.
1129 2200 1177 2227 82.
1186 2196 1198 2236 )
1215 2197 1341 2238 ejusque
1359 2196 1542 2226 Corollariis.

1065 2253 1112 2294 (¹)
1138 2255 1155 2273 '³
1177 2253 1330 2288 Quantam
1348 2264 1382 2283 ez·
1390 2254 1596 2292 plzaenomenis
1611 2253 1743 2291 colligere
1754 2254 1849 2292 potui,

1022 2297 1077 2326 διο.
1141 2296 1190 2325 Ex
1221 2295 1393 2325 C0r011.5.
1426 2294 1529 2324 Probi·
1566 2294 1626 2325 Vl.
1662 2297 1747 2334 (pag.
1779 2295 1847 2334 83.)

1022 2337 1153 2378 aequatio
1168 2339 1233 2367 haec
1249 2337 1285 2368 3¹.
1306 2341 1319 2356 Γ
1302 2336 1368 2367 6
1388 2343 1432 2366 est
1447 2343 1573 2375 reperta,
1590 2336 1730 2387 quaedam
1745 2343 1850 2367 autem

1021 2390 1121 2410 causae
1136 2386 1208 2409 sunt
1223 2389 1278 2409 cur
1288 2380 1354 2409 haec
1365 2378 1518 2419 quantitas
1529 2388 1583 2416 pro
1599 2388 1669 2408 vera
1679 2378 1850 2418 quantitate

1021 2422 1156 2452 adhiberi
1173 2428 1312 2461 nequeat,
1329 2422 1381 2451 sed
1394 2422 1459 2471 hzec
1475 2420 1606 2460 :equatio
1620 2431 1657 2451 ex
1672 2421 1848 2468 phaenome-

1021 2464 1069 2493 nis
1083 2464 1122 2494 sit
1137 2464 1328 2504 colligenda·
1320 2487 1329 2501 ,
1346 2461 1455 2502 primo,
1469 2463 1622 2503 quantitas
1637 2463 1654 2492 f
1663 2465 1726 2492 sive
1739 2473 1847 2493 excen-

1020 2507 1135 2536 tricitas
1149 2507 1254 2536 orbitae
1269 2506 1385 2536 lunaris
1399 2505 1470 2535 satis
1485 2511 1567 2535 certo
1578 2514 1639 2534 non
1656 2510 1701 2534 est
1715 2505 1846 2545 cognita,

1020 2554 1056 2579 ut
1071 2554 1189 2578 constat
1202 2558 1238 2578 ex
1255 2548 1291 2577 iis
1305 2558 1375 2587 quae
1390 2547 1428 2577 de
1443 2547 1665 2578 excentricitate
1676 2546 1846 2585 dictasunt,

1021 2592 1069 2621 hic
1084 2597 1187 2621 autem
1203 2590 1386 2620 mediocrem
1409 2589 1665 2620 excentricitatem
1682 2589 1846 2628 assumpsi-

1018 2643 1089 2663 mus
1119 2636 1201 2664 5505
1230 2633 1364 2672 partium
1392 2641 1521 2673 quarum
1551 2630 1654 2661 radius
1678 2631 1784 2661 orbitae
1808 2632 1848 2664 sit

1022 2679 1146 2706 100000
1160 2684 1231 2705 cum
1250 2675 1402 2705 Newtono
1416 2683 1508 2713 quam
1526 2673 1671 2703 Cassinus
1685 2673 1758 2703 facit
1778 2680 1846 2705 tan.

1018 2717 1086 2748 tum
1100 2722 1137 2748 54
1142 2721 1183 2750 80
1194 2718 1334 2756 partium,
1352 2723 1382 2747 et
1396 2716 1473 2746 forte
1488 2715 1588 2745 minor
1599 2726 1645 2745 as
1647 2715 1711 2745 umi
1723 2715 1847 2748 deberet

1019 2760 1042 2790 si
1058 2760 1232 2790 attendatur
1253 2760 1291 2790 ad
1313 2757 1569 2789 excentricitatem
1591 2758 1697 2788 orbitae
1719 2757 1844 2796 lunari&

1019 2802 1117 2843 qualis
1142 2813 1178 2832 ea
1202 2801 1280 2831 foret
1294 2800 1369 2831 citra
1386 2799 1464 2831 Solis
1489 2800 1649 2835 actionem,
1673 2809 1711 2829 ex
1733 2800 1846 2840 quibus

1020 2843 1319 2879 considerationibus,
1343 2842 1439 2894 liquet
1464 2842 1666 2881 aequationem
1688 2842 1844 2874 inventam

1019 2887 1170 2916 minorem
1185 2885 1325 2916 factum'
1315 2885 1352 2915 1τί
1366 2883 1460 2933 quarn
1477 2885 1513 2914 3¹.
1532 2883 1598 2915 56¹¹.
1604 2883 1732 2924 ‚sicque
1745 2884 1844 2925 magis

1018 2938 1206 2959 accessuram
1221 2927 1260 2958 ad
1275 2927 1478 2968 mquationem
1491 2925 1528 2956 δ’.
1542 2927 1606 2957 45¹'.
1599 2936 1698 2975 .quae
1706 2936 1743 2956 ex
1758 2927 1843 2965 phae-

1003 2971 1163 3001 *nomenis
1184 2969 1357 3010 colligitur.
1385 2967 1520 2999 secundo
1542 2967 1614 2999 cum
1637 2967 1732 2999 varias
1746 2968 1843 3008 hypo-

1018 3014 1117 3043 theses
1145 3011 1403 3051 assumpserimus,
1432 3021 1510 3041 vero
1527 3010 1651 3051 quidem
1678 3010 1840 3050 proximas,

1017 3066 1080 3085 non
1095 3061 1197 3086 tamen
1219 3064 1303 3085 veras
1324 3052 1471 3088 absolute,
1494 3060 1531 3084 ut
1551 3052 1647 3094 liquet
1660 3062 1698 3082 ex
1715 3052 1787 3083 Cor.
1809 3054 1836 3084 1.

1021 3097 1123 3129 Probl.
1143 3097 1172 3128 Ι.
1192 3097 1275 3139 (pag.
1294 3095 1358 3136 80.)
1374 3105 1410 3127 ex
1433 3096 1471 3126 iis
1484 3095 1635 3127 erroribus
1654 3094 1728 3134 ipsa
1741 3103 1840 3136 quau-

2062 2440 2072 2478 2-ae
