2072 3522
163 266 313 310 Lmen
327 265 567 318 Turum]
602 265 923 308 PRINCIPIA
956 266 1446 310 MATHEMATICA.
1784 276 1804 311 1
1815 276 1832 310 l
1842 277 1866 314 7

162 391 323 419 summa
361 375 656 432 quadratorum
692 391 747 417 ex
785 375 941 417 sinibus
980 376 1172 417 omnibus
1197 377 1256 418 ‘N
1290 377 1344 419 M
1378 379 1546 433 aequalis
1581 380 1659 422 erit
1695 395 1867 423 summae

165 447 460 503 quadratorum
488 461 542 487 ex
570 446 727 487 sinibus
761 445 804 487 K
835 446 899 495 M,
936 454 978 487 et
1006 461 1164 487 summa
1192 455 1366 503 utraque
1393 449 1561 504 aequalis
1591 452 1668 493 erit
1696 467 1867 494 summoe

166 506 458 575 quadratorum
487 533 541 558 ex
564 517 736 558 totidem
757 517 1087 562 semi-diametris
1110 518 1152 559 K
1175 518 1241 567 N;
1271 518 1447 575 ideoque
1466 535 1626 562 summa
1645 523 1866 578 quadrato-

163 605 257 632 rum
288 604 342 630 ex
373 588 564 630 omnibus
579 586 583 587 ⁷
596 588 640 628 N
670 587 724 628 M
754 587 833 629 erit
853 587 982 642 duplo
1000 587 1137 628 minor
1155 587 1279 644 quam
1311 604 1471 631 summa
1490 591 1785 646 quadratorum
1814 608 1868 635 ex

163 660 336 702 totidem
356 658 686 700 semi-diametris
710 657 752 698 K
774 657 829 698 N.

221 731 318 772 Jam
337 729 544 770 dividatur
562 728 782 782 perimeter
802 727 945 768 circuli
974 728 1015 768 A
1036 728 1074 769 E
1102 728 1146 768 in
1171 728 1391 782 particulas
1411 730 1584 772 totidem
1603 733 1795 788 aequales,
1826 742 1869 776 et

165 801 219 842 ab
238 814 380 841 earum
399 813 643 854 unaquaque
666 799 701 839 F
720 798 774 839 ad
792 797 962 853 planum
994 798 1037 847 Q
1058 798 1098 840 R
1126 798 1364 841 demittatur
1381 801 1722 855 perpendiculum
1753 804 1788 845 F
1809 805 1865 857 G,

166 1640 213 1674 ut
233 1641 275 1675 et
294 1650 319 1675 a
335 1643 492 1690 puncto
512 1638 553 1679 A
572 1639 914 1694 perpendiculum
935 1639 977 1679 A
998 1638 1060 1680 H.
1121 1638 1177 1679 Et
1195 1638 1268 1688 vis,
1291 1637 1371 1693 qua
1391 1638 1593 1692 particula
1616 1638 1651 1679 F
1671 1637 1825 1678 recedit
1853 1653 1878 1678 a

166 1705 293 1759 plano
324 1707 367 1756 Q
389 1708 443 1759 R,
475 1710 552 1750 erit
571 1719 618 1752 ut
636 1711 979 1766 perpendiculum
998 1710 1099 1751 illud
1126 1711 1162 1751 F
1184 1711 1225 1752 G
1254 1725 1330 1765 per
1349 1710 1611 1765 hypothesin,
1646 1718 1688 1750 et
1706 1709 1797 1750 haec
1816 1709 1876 1749 vis

169 1775 293 1818 ducta
312 1779 356 1819 in
377 1779 611 1822 distantiam
634 1783 670 1824 C
693 1783 735 1825 G
766 1784 817 1838 (¹¹)
849 1783 927 1824 erit
947 1783 1126 1824 efficacia
1144 1782 1357 1837 particulae
1388 1782 1424 1824 F
1453 1783 1506 1824 ad
1527 1783 1701 1824 Terram
1723 1781 1878 1822 circum

170 1856 357 1889 centrum
378 1851 464 1905 ejus
485 1853 818 1894 convertendam.
879 1853 1064 1908 Ideoque
1084 1852 1264 1894 efficacia
1282 1852 1495 1907 particule
1523 1852 1567 1892 in
1596 1853 1689 1893 loco
1720 1851 1769 1900 F,
1801 1851 1878 1891 erit

171 1917 223 1959 ad
244 1919 464 1962 efficaciam
478 1923 692 1976 particulae
710 1924 755 1964 in
774 1923 867 1965 loco
886 1924 940 1973 A,
963 1931 1010 1964 ut
1031 1923 1067 1964 F
1084 1923 1128 1964 G
1154 1932 1187 1965 Χ
1213 1923 1256 1965 G
1273 1923 1309 1964 C
1329 1923 1383 1963 ad
1403 1923 1444 1963 A
1462 1922 1511 1976 H
1535 1933 1569 1966 Χ
1594 1923 1643 1964 Η
1662 1923 1710 1972 C,
1730 1923 1782 1977 (¹)
1797 1921 1879 1962 hoc

172 1998 245 2041 est,
267 2001 314 2033 ut
335 1993 370 2033 F
393 1993 429 2034 C
450 2009 477 2049 q
496 1994 549 2035 ad
570 1995 611 2036 A
634 1995 671 2036 C
691 2011 741 2051 q;
772 2003 813 2037 et
830 2003 1050 2051 propterea
1070 1994 1250 2036 efficacia
1268 2002 1355 2036 tota
1372 1994 1668 2050 particularum
1693 1993 1879 2034 omnium

172 2061 216 2102 in
246 2062 347 2104 locis
381 2065 464 2120 suis
499 2066 534 2106 F
568 2066 645 2107 erit
677 2067 732 2108 ad
762 2067 983 2108 efficaciam
1011 2066 1305 2121 particularum
1335 2066 1507 2107 totidem
1542 2067 1586 2107 in
1617 2067 1710 2108 loco
1744 2066 1798 2115 A,
1833 2072 1881 2105 ut

174 2148 334 2175 summa
354 2137 538 2177 omnium
560 2137 597 2178 F
619 2138 655 2178 C
675 2153 703 2192 q
731 2138 785 2179 ad
814 2153 1015 2179 summam
1035 2138 1208 2179 totidem
1230 2138 1271 2179 A
1293 2138 1343 2179 Cl
1350 2153 1390 2194 q,
1418 2138 1499 2178 hoc
1519 2146 1582 2179 est
1612 2142 1704 2193 (per
1725 2138 1774 2192 (5)
1790 2138 1879 2191 jam

173 2205 467 2260 demonstrata)
487 2215 534 2248 ut
552 2222 683 2249 unum
702 2208 756 2249 ad
776 2207 872 2249 duo.
934 2208 989 2256 Q.
1011 2222 1046 2249 e.
1068 2207 1109 2248 d.

232 2277 288 2318 Et
307 2279 502 2333 quoniam
520 2279 734 2334 particulae
754 2287 882 2337 agunt
900 2278 1135 2321 recedendo
1157 2278 1548 2334 perpendiculariter
1566 2293 1591 2318 a
1612 2278 1737 2332 plano
1758 2277 1803 2326 Q
1825 2277 1878 2326 R,

92 2375 107 2391 .
172 2347 298 2403 idque
316 2349 528 2404 aequaliter
545 2350 598 2391 ab
617 2349 791 2406 utraque
809 2357 927 2406 parte
956 2349 1080 2405 hujus
1099 2350 1238 2405 plani.
1270 2349 1427 2391 eaedem
1447 2356 1687 2391 convertent
1706 2348 1881 2390 circum-

173 2417 387 2460 ferentiam
407 2420 548 2462 circuli
567 2422 800 2477 aequatoris,
833 2422 951 2477 eique
971 2421 1241 2462 inhaerentem
1263 2420 1451 2470 Terram,
1483 2420 1637 2461 circum
1657 2433 1776 2460 axem
1796 2426 1882 2460 tam

174 2494 218 2534 in
235 2493 361 2548 plano
381 2493 453 2535 illo
474 2494 517 2543 Q
540 2494 580 2536 R
600 2492 723 2551 quam
742 2495 786 2536 in
804 2495 930 2550 plano
949 2495 1168 2550 aequatoris
1182 2494 1398 2549 jacentem.

873 2609 1104 2651 LEMMA
1135 2610 1195 2650 ΙΙ.

177 2723 323 2763 Iisdem
343 2725 490 2776 positis
506 2743 519 2765 .·
549 2726 637 2766 dico
655 2723 821 2766 secundo
841 2727 946 2779 quod
971 2726 1031 2766 vis
1051 2730 1088 2765 e!
1108 2725 1281 2782 ffcacia
1302 2729 1387 2764 tota
1407 2723 1696 2776 particularum
1716 2721 1884 2761 omnium

236 2799 350 2833 extra
364 2794 518 2847 globum
536 2797 710 2849 undique
725 2797 903 2844 sitarum,
922 2797 979 2835 ad
1002 2795 1169 2835 Terram
1187 2795 1329 2835 circum
1349 2807 1460 2833 axem
1479 2794 1640 2833 eundem
1659 2792 1883 2840 rotandum,

236 2864 290 2904 sit
309 2865 366 2904 ad
382 2865 459 2905 vim
478 2871 599 2906 totam
614 2867 907 2920 particularum
927 2867 1101 2915 totidem,
1134 2866 1178 2905 in
1196 2865 1411 2919 aequatoris
1430 2864 1574 2904 circulo
1602 2862 1644 2903 A
1661 2863 1705 2902 E
1731 2862 1887 2916 unifor-

181 2986 243 3015 qua
225 2975 852 3015 admtommexomniifibussubusNM
874 2977 1007 3018 ideoque
1110 2978 1380 3039 (¹¹):Erieeffica
1362 2978 1439 3007 acia.
1487 2977 1553 3016 (47.
1574 2974 1712 3013 Lib.1.)

184 3028 305 3048 summa
320 3018 570 3058 quadratorume
552 3030 676 3051 enxom
657 3021 748 3051 nisbu
763 3020 1008 3057 NM‚eritdu-
1110 3020 1193 3058 (Η)
1208 3022 1278 3051 Ι-Ῑοσ
1293 3025 1345 3056 e,st
1369 3017 1734 3058 obtriamgulaACH
1759 3017 1888 3054 FCG,

183 3060 351 3098 plomiorn
336 3071 404 3100 rqu
407 3067 478 3090 am.
474 3063 820 3103 zummaquadratorum
831 3073 869 3093 ex
880 3062 1008 3094 totidem
1068 3062 1189 3094 siiimla.

185 3101 430 3133 nemiier-damtis
449 3103 540 3134 KN.
990 3138 993 3141 ,
1112 3104 1194 3146 (Ὺ).
1212 3105 1578 3145 Pcrjamaemonseraea.
1625 3102 1732 3145 (150.)
