2072 3522
134 249 283 292 mez
304 247 542 299 Tamus]
603 245 924 289 PRINCIPIA
956 234 1450 291 ΜΑΤΗΕΜΑΤΙΟΪΑ.
1809 255 1838 287 ὁ

135 362 394 421 quadrantali
414 363 455 404 A
470 362 507 404 C
526 362 570 403 in
589 361 811 417 particulas
826 361 1062 402 innumeras
1078 359 1315 415 aequalesP
1328 374 1370 414 p,
1388 360 1463 401 &c.
1484 373 1559 414 per
1579 374 1680 415 quas
1701 373 1838 415 aequa-

131 436 192 478 les
205 434 378 477 totidem
387 433 602 489 particulae
617 432 813 487 temporis
829 431 983 487 exponi
997 430 1172 486 possint,
1189 430 1395 486 ductaque
1414 444 1443 484 p
1458 430 1486 470 k
1505 429 1839 484 perpendiculari

131 506 244 548 adc
266 506 320 556 T,
345 506 546 561 jungatur
567 504 608 546 T
629 504 673 546 G
691 504 791 559 ipsis
823 504 866 545 K
888 504 937 554 P,
967 503 998 544 k
1016 517 1045 558 p
1074 502 1287 557 productis
1306 516 1527 544 occurrens
1547 502 1591 542 in
1612 502 1649 544 F
1667 510 1709 544 et
1727 501 1765 552 ἲς
1795 510 1839 544 et

130 577 209 620 erit
230 577 266 619 F
287 576 330 618 K
349 563 518 631 aequalis
539 575 580 616 T
602 575 658 625 K,
681 582 722 615 et
743 575 794 630 (¹²)
819 574 861 616 K
881 575 910 615 k
930 574 1008 616 erit
1026 573 1080 615 ad
1103 574 1139 615 P
1161 573 1203 614 K
1224 582 1270 615 ut
1291 573 1328 615 P
1345 588 1375 628 p
1394 573 1448 615 ad
1469 573 1511 614 T
1528 588 1571 628 p,
1604 574 1651 628 (⁰)
1673 572 1754 614 hoc
1774 582 1837 615 est

128 648 172 689 in
204 647 299 689 data
332 646 505 698 ratione,
543 645 595 701 (ἁ)
627 644 804 701 ideoque
841 645 876 686 F
910 645 952 686 K
976 653 1010 687 Χ
1034 644 1078 686 Κ
1113 643 1143 684 k
1176 659 1248 685 seu
1285 658 1381 685 area
1414 644 1450 685 F
1483 643 1524 685 K
1557 643 1585 684 k
1615 642 1644 694 f,
1681 644 1758 685 erit
1789 652 1836 686 ut

130 717 471 761 SPKxTK

256 785 357 827 TP

472 772 485 792 ,
506 741 550 782 id
570 749 645 792 est,
667 748 714 783 ut
734 741 773 783 E
793 741 856 790 L;
888 749 930 784 et
949 739 1189 796 composite,
1212 750 1308 781 area
1327 747 1414 782 tota
1434 739 1476 782 G
1493 739 1528 781 C
1545 739 1586 781 K
1601 739 1637 782 F
1656 747 1702 781 ut
1721 754 1833 781 sum-

126 873 196 900 ma
224 858 411 900 omnium
444 857 594 900 virium
624 856 663 899 E
696 857 735 899 L
764 864 950 911 tempore
985 864 1074 897 toto
1105 855 1143 897 C
1179 856 1216 897 P
1244 856 1537 910 impressarum
1572 855 1615 895 in
1641 831 1830 906 ’Lunam‚

126 930 176 985 (⁶)
207 937 331 986 atque
349 927 445 970 ideo
465 929 590 970 etiam
607 935 655 969 ut
675 927 868 969 velocitas
888 927 967 968 haic
987 926 1145 968 summa
1165 927 1318 984 genita,
1349 926 1393 968 id
1413 934 1488 977 est,
1518 934 1567 968 ut
1591 927 1833 969 acceleratio

125 1000 412 1056 descriptionis
433 1014 540 1041 areae
563 999 599 1040 C
620 998 662 1040 T
683 999 733 1049 P,
755 1013 830 1040 seu
848 998 1149 1039 incrementum
1167 997 1380 1039 momenti.

1441 996 1485 1053 (¹⁷)
1507 997 1582 1039 Vis
1608 998 1688 1054 qufi
1710 999 1833 1041 Luna

124 1073 234 1115 circa
265 1072 443 1115 Terram
474 1070 754 1127 quiescentem
784 1068 839 1112 ad
869 1068 1107 1111 distantiam
1139 1068 1181 1110 T
1212 1068 1261 1119 P,
1296 1076 1483 1124 tempore
1514 1083 1591 1110 suo
1620 1069 1832 1124 periodico

167 1229 210 1270 (ν)
238 1231 254 1248 ·
279 1229 344 1260 ch
364 1229 420 1259 em
440 1229 482 1258 aa
503 1216 636 1259 Ριῖιι
657 1227 721 1266 Pp
742 1227 784 1256 aa
810 1227 871 1265 Tp
892 1224 955 1254 sive

125 1271 156 1302 T
172 1271 200 1302 P
212 1283 222 1309 ς
245 1281 283 1301 ex
307 1268 466 1311 notissima
479 1269 587 1300 circuli
602 1268 785 1308 proprietate
797 1267 868 1298 fluit
889 1268 955 1297 haec

122 1313 288 1353 proportio,
314 1323 387 1344 nam
410 1313 436 1342 si
456 1323 495 1343 ex
517 1318 632 1351 puncto
653 1322 674 1351 p
696 1311 828 1341 ducatur
841 1309 956 1340 lineola

121 1366 143 1395 p
156 1367 177 1397 q
190 1355 452 1396 perpendicularis
465 1355 503 1385 ad
523 1353 550 1384 P
568 1354 611 1388 K,
636 1364 672 1383 ea
687 1354 744 1383 erit
757 1352 904 1392 parallela
925 1358 957 1382 et

122 1398 248 1438 aequalis
270 1398 361 1428 lineae
385 1394 419 1429 K
440 1397 472 1434 k,
495 1396 739 1436 formabiturque
762 1394 956 1435 triangulum

120 1440 288 1471 fluxionale
305 1440 334 1471 P
348 1451 369 1479 p
383 1451 403 1480 q
418 1439 518 1470 simile
539 1438 698 1477 triangulo
722 1438 750 1468 P
766 1437 800 1467 K
818 1438 857 1474 T,
882 1446 956 1467 nam

121 1482 194 1513 cum
208 1482 316 1524 anguli
331 1494 351 1522 p
369 1482 397 1513 P
414 1482 448 1512 K
464 1489 495 1512 et
509 1482 541 1511 K
560 1481 588 1511 P
606 1481 635 1513 T
648 1487 767 1511 rectum
782 1479 875 1509 simul
890 1479 956 1509 effi-

120 1525 388 1598 ῗξᾟιιῖᾛωῗῖ
395 1523 735 1606 {⁰5¹¹}{P12Trreizp
742 1521 834 1594 ulixi}
841 1530 954 1603 233⁸}

717 1586 727 1602 9

120 1610 272 1642 siveKk
343 1607 709 1647 PKuthadTP.

165 1652 210 1694 (⁰)
238 1654 256 1672 ⁸
274 1654 344 1684 Hoc
366 1658 410 1683 est
429 1654 464 1682 in
486 1649 558 1681 data
580 1653 704 1682 racione.
754 1649 848 1680 Ratio
869 1648 954 1679 enim

123 1695 187 1734 Pp
209 1695 250 1726 ad
274 1695 304 1725 T
319 1705 340 1734 p
362 1700 408 1724 est
423 1694 504 1731 data,
527 1693 599 1733 quia
620 1693 752 1734 singulae
766 1698 867 1731 partes
891 1691 954 1730 Pp

121 1743 290 1778 sumuntur
300 1736 442 1778 aequales,
458 1742 531 1766 sunt
539 1736 643 1776 itaque
654 1734 786 1776 singulae
799 1735 832 1764 in
847 1733 955 1764 eadem

120 1780 238 1811 ratione
252 1780 293 1811 ad
306 1779 430 1810 radium
445 1779 476 1809 T
493 1779 530 1808 P.

164 1821 207 1864 (ἅ)
225 1822 755 1863 *lde6queFKkaseuarea
771 1820 957 1861 Fkaut

120 1867 299 1947 ⁵²²2>ss
323 1867 404 1928 TK}
420 1886 954 1924 cummuosskadrxsitdata,

119 1955 957 1993 dataetiameritratioKkadSPK,ethaecratio

120 2001 258 2032 manebit
268 2001 439 2031 etiamnum
448 1999 520 2030 data
533 1999 559 2028 si
575 2009 766 2039 consequens
781 2003 800 2029 8
813 1998 842 2028 Ρ
855 1998 889 2028 Κ
900 2008 956 2037 per

119 2043 323 2084 quantitatem
332 2047 523 2074 constamem
540 2043 570 2072 T
583 2042 612 2072 P
626 2041 797 2079 dividatur-3
813 2040 871 2071 erit
881 2050 956 2081 ergo

120 2111 191 2142 data
205 2110 284 2142 ratio
301 2111 335 2142 K
348 2111 372 2141 k
385 2110 425 2141 aa
440 2084 568 2166 ³TPPK‚

119 2184 172 2209 tur
194 2179 260 2210 baec
278 2179 357 2210 ratio
379 2178 406 2209 si
431 2179 523 2208 ambo
546 2176 671 2208 termini
691 2186 747 2215 per
770 2176 955 2217 quantitates

120 2220 254 2263 :equales
271 2221 299 2252 F
314 2221 350 2253 K
365 2226 397 2251 et
413 2220 443 2251 T
458 2220 494 2251 K
507 2218 763 2259 multiplicentur,
787 2228 863 2259 ergo
875 2218 954 2248 ratio

122 2260 954 2343 kaFK(seuareaeFKkoad³P¹{„'{,TK

120 2354 956 2395 metiamdamhocestffstareaFkaut

119 2400 400 2456 5ΡΚΧΤΚ.

165 2493 212 2534 (²)
226 2495 243 2513 ⁶
255 2495 360 2535 Atque
367 2494 431 2526 ideo
440 2497 531 2527 etiam
539 2501 576 2526 ut
584 2496 720 2526 velocitas
730 2495 797 2534 (18.
808 2493 878 2524 Lib.
891 2492 951 2532 1.).

164 2535 206 2578 (f)
225 2538 241 2555 ⁹
265 2538 314 2567 Vis
334 2536 398 2578 qud
412 2540 510 2570 Luna
531 2539 612 2569 circa
631 2539 760 2575 Terram
780 2538 820 2567 ad
841 2538 955 2567 distan-

120 2580 196 2610 tiam
217 2580 247 2610 T
260 2581 291 2611 P
304 2585 437 2622 tempore
447 2591 501 2612 suo
510 2581 663 2620 jaeriodico
680 2582 707 2611 C
713 2581 744 2611 A
754 2581 791 2611 D
802 2581 835 2610 B
848 2579 956 2610 revolvi

117 2627 226 2661 posset,
250 2623 377 2663 efficeret
397 2629 434 2655 ut
455 2633 563 2663 corpus
577 2621 664 2653 liber&
679 2624 810 2653 cadendo
825 2627 956 2661 tempore

124 2665 152 2695 C
168 2665 198 2695 T
219 2666 393 2696 describeret
417 2667 635 2705 longitudinem
659 2663 682 2705 ἐ
707 2666 734 2695 C
756 2665 790 2700 T,
817 2664 873 2694 διο.
923 2663 956 2694 Si

123 2715 235 2744 corpus
242 2713 370 2747 gyretur
380 2707 414 2737 in
424 2707 541 2738 circulo
551 2717 606 2746 per
616 2706 678 2736 vim
690 2706 728 2736 ad
739 2706 806 2746 ejus
816 2711 957 2736 centrum

122 2747 311 2786 tendentem,
326 2749 463 2789 primum
477 2749 672 2779 uniformiter
685 2748 852 2789 girabitur3
875 2754 954 2785 tum,

121 2789 308 2830 quadi-amm
332 2791 421 2822 arcus
441 2791 550 2832 quovis
571 2797 711 2830 tempore
732 2790 875 2828 descripti
898 2791 957 2821 erit

122 2833 242 2873 aequale
270 2833 376 2864 circuli
404 2834 556 2865 diametro
583 2833 678 2864 ducto
701 2834 735 2863 in
761 2832 956 2863 altitudinem

122 2885 218 2915 quam
232 2885 344 2915 corpus
352 2875 448 2908 libere
462 2875 601 2907 cadendo
614 2882 753 2915 tempore
763 2875 872 2905 eodem
886 2884 957 2914 per-

123 2923 260 2947 curreret
287 2917 313 2947 si
340 2918 536 2949 uniformiter
563 2918 784 2949 acceleraretur
811 2927 866 2957 per
894 2917 958 2948 vim

122 2959 321 2999 centripetam
336 2959 399 3001 qua
412 2961 547 2992 circiilus
560 2960 749 2991 describitur.

169 3002 253 3033 Nam
264 3002 290 3032 si
301 3009 441 3034 sumatur
451 3013 540 3034 arcus
549 3002 644 3043 quam
654 3002 812 3039 minimus,
825 3001 956 3033 altitudo

122 3055 193 3086 quae
207 3043 262 3084 per
275 3045 339 3076 vim
353 3045 520 3077 centralem
534 3044 629 3077 libere
639 3051 866 3085 percurreretur
879 3044 956 3076 dum

592 2109 725 2150 denique
739 2119 803 2139 non
819 2108 954 2140 mutabi-

996 1223 1051 1254 ille
1064 1233 1154 1254 arcus
1167 1221 1410 1263 quimminimus
1424 1222 1655 1261 describeretur,
1671 1225 1751 1255 foret
1765 1225 1833 1266 ejus

997 1265 1086 1297 arcus
1100 1265 1221 1295 minimi
1233 1267 1319 1296 sinus
1332 1275 1438 1296 versus
1446 1277 1456 1303 ;
1473 1266 1527 1296 sed
1542 1276 1578 1296 ex
1594 1265 1706 1296 natura
1714 1267 1830 1303 circuli,

997 1309 1115 1339 factum
1135 1307 1275 1338 diametri
1297 1307 1383 1338 ducti
1407 1307 1442 1337 in
1461 1308 1565 1338 sinum
1586 1318 1708 1339 versum
1732 1309 1831 1346 arcus,

999 1357 1045 1381 est
1069 1350 1188 1391 aequale
1211 1350 1362 1390 quadrato
1385 1350 1509 1380 chordae
1533 1350 1619 1381 illius
1643 1350 1742 1387 arcus,
1769 1351 1833 1382 sive

998 1391 1250 1465 quaadzrhatpdarcus
1263 1392 1408 1441 iP⁵31¹³‚⁵i
1429 1392 1507 1423 adeo
1521 1392 1566 1423 sit>
1574 1393 1706 1434 exiguus
1727 1399 1763 1423 ut
1777 1403 1833 1433 pro

998 1446 1034 1466 su
1109 1445 1129 1464 o
1166 1445 1186 1464 a
1200 1444 1281 1464 surm
1295 1441 1400 1473 posslt.

1044 1477 1148 1517 Spatia
1162 1475 1235 1507 νει-ὂ
1250 1476 1346 1507 libere
1361 1476 1500 1507 cadendo
1513 1487 1568 1516 per
1581 1478 1644 1507 vim
1666 1478 1831 1509 uniformi-

997 1525 1044 1550 ter
1071 1518 1293 1550 accelerantem
1322 1518 1482 1558 descripta‚
1519 1525 1594 1550 sunt
1621 1526 1659 1551 ut
1686 1521 1835 1562 quadrata

997 1568 1186 1602 temporum,
1209 1572 1299 1592 arcus
1319 1561 1392 1592 νει-ὂ
1413 1563 1530 1592 interea
1544 1563 1682 1602 percursi
1703 1569 1777 1594 sunt
1798 1570 1835 1594 ut

997 1610 1145 1644 tempora,
1161 1604 1235 1644 quia
1249 1613 1360 1643 corpus
1374 1604 1525 1635 uniformi
1540 1604 1696 1636 celeritate
1704 1606 1832 1646 giratur,

996 1657 1072 1688 ergo
1092 1647 1226 1686 spatium
1241 1645 1408 1676 minimum
1423 1657 1478 1686 per
1498 1647 1559 1677 vim
1582 1647 1781 1687 centripetam
1795 1648 1834 1678 li-

996 1689 1069 1721 bere
1095 1689 1282 1728 descriptum
1308 1694 1354 1719 est
1377 1689 1418 1720 ad
1441 1689 1525 1720 aliud
1547 1689 1678 1729 quodvis
1699 1690 1834 1729 spatium

998 1742 1054 1771 per
1075 1731 1216 1762 eamdem
1232 1732 1294 1761 vim
1316 1731 1522 1772 centrifugam
1536 1730 1634 1762 libere
1647 1731 1834 1772 descriptum

1000 1772 1149 1815 (ideoque
1169 1774 1263 1804 etiam
1277 1773 1358 1804 facta
1372 1775 1484 1804 horum
1499 1773 1669 1812 spatiorum
1691 1785 1746 1814 per
1767 1775 1834 1812 dia-

998 1823 1133 1847 metrum
1145 1816 1268 1855 circuli)
1281 1822 1355 1847 sunt
1368 1822 1405 1847 ut
1418 1816 1567 1857 quadrata
1577 1827 1706 1848 arcuum
1719 1827 1834 1848 corres-

998 1859 1207 1899 pondentibus
1220 1859 1412 1897 temporibus
1422 1859 1662 1898 descriptorum:
1681 1860 1734 1890 sed
1749 1860 1835 1891 orius

998 1902 1117 1932 factum
1134 1908 1180 1932 est
1194 1901 1314 1941 aequale
1326 1901 1475 1943 quadrato
1489 1900 1580 1932 arcus
1594 1902 1834 1941 corresponden-

999 1944 1049 1981 tis,
1066 1954 1141 1986 ergo
1155 1951 1187 1975 et
1200 1944 1333 1975 alterum
1347 1944 1465 1975 sactum
1479 1944 1538 1974 erit
1551 1944 1670 1984 aequale
1684 1944 1835 1985 quadrato

997 1985 1088 2018 arcus
1101 1986 1374 2026 correspondentis,
1397 1987 1457 2017 hoc
1471 1992 1516 2016 est
1528 1986 1662 2018 altitudo
1675 1997 1834 2027 quaecum·

998 2039 1060 2069 que
1074 2028 1213 2060 cadendo
1223 2027 1319 2060 libere
1331 2028 1483 2068 descripta
1496 2028 1531 2059 iu
1544 2029 1731 2060 diametrum
1740 2029 1835 2060 ducta

999 2071 1094 2104 efficit
1107 2072 1224 2103 factum
1239 2071 1359 2112 aequale
1369 2071 1520 2112 quadrato
1534 2070 1624 2102 arcus
1634 2071 1744 2102 eodem
1755 2077 1834 2102 tem-

996 2123 1071 2154 pore
1085 2113 1270 2150 revolvendo
1283 2113 1479 2144 uniformiter
1493 2114 1638 2153 percursi.

1043 2156 1140 2193 Quod
1164 2155 1239 2187 cum
1263 2156 1308 2186 ita
1331 2156 1382 2193 sit,
1407 2155 1497 2186 cadat
1521 2155 1617 2187 libere
1642 2165 1754 2195 corpus
1778 2166 1834 2195 per

995 2197 1018 2239 ξ
1035 2199 1062 2229 C
1072 2198 1111 2234 T,
1123 2199 1154 2228 h.
1172 2208 1200 2228 e.
1218 2208 1273 2237 per
1286 2198 1363 2228 radii
1377 2197 1544 2234 semissem,
1559 2197 1752 2238 duceturque
1766 2199 1833 2230 haec

996 2240 1163 2280 longitudo
1190 2250 1245 2278 per
1270 2239 1456 2270 diametrum
1481 2249 1536 2269 seu
1563 2243 1583 2269 2
1607 2240 1634 2271 C
1658 2240 1689 2270 T
1713 2240 1832 2271 factum

1000 2282 1028 2313 C
1045 2283 1075 2313 T
1089 2283 1104 2300 ²
1129 2282 1193 2312 sive
1211 2280 1396 2321 quadratum
1418 2281 1521 2322 ipsius-
1535 2281 1612 2312 radii
1635 2282 1754 2323 aequale
1774 2283 1833 2314 erit

997 2324 1147 2364 quadrato
1175 2323 1264 2354 arcus
1292 2323 1401 2354 eodem
1429 2329 1568 2363 tempore
1592 2324 1745 2364 descripti,
1775 2325 1833 2356 erit

997 2377 1073 2406 ergo
1094 2367 1122 2397 is
1143 2376 1232 2397 arcus
1246 2365 1373 2405 aequalis
1395 2365 1482 2396 radio
1508 2366 1534 2396 C
1552 2366 1590 2404 T,
1615 2367 1670 2398 sed
1688 2367 1832 2399 velocitas

997 2409 1145 2449 acquisita
1155 2407 1250 2439 libere
1260 2407 1398 2439 cadendo
1408 2418 1463 2447 per
1472 2408 1549 2439 radii
1561 2409 1717 2440 semissem
1729 2410 1750 2451 ξ
1762 2411 1789 2441 C
1801 2411 1832 2441 T

997 2451 1068 2482 talis
1082 2457 1128 2482 est
1141 2457 1178 2482 ut
1192 2460 1303 2489 corpus
1316 2450 1470 2481 movendo
1491 2451 1686 2482 uniformiter
1700 2451 1738 2482 ea
1751 2453 1830 2484 cele.

996 2494 1088 2524 ritate
1108 2491 1257 2535 acquisita
1270 2491 1403 2531 duplum
1424 2493 1492 2533 ejus
1511 2493 1685 2525 altitudinis
1697 2494 1829 2533 radium,

998 2546 1111 2576 nempe
1124 2536 1283 2577 integrum
1300 2535 1326 2565 C
1344 2535 1374 2566 T
1387 2536 1496 2566 eodem
1511 2542 1649 2575 tempore
1662 2536 1831 2568 describere

997 2585 1109 2619 posset,
1124 2588 1195 2619 quae
1206 2584 1251 2608 est
1261 2578 1327 2617 ipsa
1338 2577 1501 2619 longitudo
1514 2578 1603 2609 arcus
1611 2589 1706 2620 quam
1720 2590 1832 2619 corpus

998 2621 1194 2651 uniformiter
1214 2620 1373 2651 revolvens
1394 2620 1600 2659 descripsisset
1621 2620 1728 2652 eodem
1751 2628 1830 2653 tem-

998 2673 1093 2703 pore;
1115 2673 1190 2703 ergo
1204 2663 1348 2693 velocitas
1368 2662 1517 2703 acquisita
1530 2663 1620 2702 lapsu
1643 2674 1698 2703 per
1719 2664 1740 2705 ᾖ
1757 2665 1784 2695 C
1802 2665 1832 2696 T

999 2716 1038 2737 ea
1051 2712 1097 2736 est
1112 2704 1176 2746 qua
1189 2715 1301 2744 corpus
1316 2705 1349 2734 in
1364 2706 1437 2735 orbe
1452 2715 1509 2736 suo
1522 2706 1699 2736 revolvitur.

1044 2749 1095 2779 Ea
1124 2748 1258 2789 denique
1286 2746 1450 2787 longitudo
1477 2747 1500 2788 ξ
1527 2748 1554 2779 C
1582 2748 1612 2779 T
1636 2755 1832 2787 percurretuv

997 2797 1137 2830 tempore
1151 2790 1235 2831 quod
1249 2791 1306 2821 erit
1327 2790 1367 2821 ad
1389 2796 1490 2820 totum
1503 2796 1626 2829 tempus
1640 2790 1831 2829 periodicum

998 2839 1036 2864 ut
1064 2833 1090 2864 C
1114 2834 1144 2864 T
1167 2832 1208 2863 ad
1231 2832 1510 2863 circumferentiam
1538 2833 1564 2863 C
1582 2833 1614 2862 A
1639 2833 1673 2863 D
1690 2833 1731 2871 Β,
1757 2844 1832 2865 nam

999 2882 1138 2915 tempora
1151 2881 1224 2906 sunt
1237 2881 1274 2906 ut
1287 2886 1376 2906 arcus
1390 2874 1586 2905 uniformiter
1599 2874 1761 2916 descripti;
1777 2877 1832 2908 sed

1001 2925 1132 2957 tempus,
1145 2928 1208 2958 quo
1219 2927 1330 2957 corpus
1340 2927 1395 2957 per
1405 2917 1428 2958 ᾖ
1443 2917 1469 2948 C
1483 2917 1513 2948 T
1523 2917 1645 2954 labitur,
1657 2924 1703 2949 est
1713 2919 1832 2959 aequale

1000 2960 1131 2999 tempori
1142 2970 1205 3001 quo
1218 2971 1307 2991 arcus
1319 2959 1444 3000 aequalis
1462 2960 1488 2991 C
1502 2960 1532 2990 T
1545 2960 1742 2999 percurritur,
1758 2971 1833 3003 ergo

1001 3009 1047 3032 est
1061 3002 1142 3033 illud
1156 3009 1279 3042 tempus
1293 3002 1332 3033 ad
1347 3008 1448 3032 totum
1460 3008 1583 3042 tempus
1591 3003 1782 3042 periodicum
1796 3010 1832 3036 ut

1002 3045 1029 3076 C
1047 3045 1076 3076 T
1090 3045 1130 3076 ad
1143 3051 1239 3076 totam
1255 3044 1457 3085 peripheriam
1475 3045 1502 3076 C
1519 3045 1550 3076 A
1568 3045 1601 3076 D
1620 3045 1659 3076 B.
