2072 3522
176 314 325 356 Lumn
345 312 583 365 Tamus]
624 311 942 354 PRINCIPIA
973 308 1464 354 MATHEMATICA.
1804 318 1879 353 111

181 433 388 474 1.017522
404 429 442 470 L
461 436 504 477 -1-
524 433 765 472 0.7986355
782 428 812 470 S
826 427 879 468 ad
894 431 1134 470 0.9830427
1161 437 1195 469 Χ
1221 430 1461 471 03570327
1480 426 1580 467 L—
1595 430 1835 470 o.7986355
1855 427 1886 468 S
1954 455 1969 471 .

179 507 225 541 ut
245 505 269 541 9
290 498 344 540 ad
365 504 404 539 5.
466 498 522 539 Et
552 499 584 540 S
613 499 665 539 ad
697 498 736 539 L
763 505 810 538 ut
844 503 863 538 l
899 498 952 538 ad
981 501 1151 538 4.4815.
1210 497 1357 552 Itaque
1390 496 1486 538 crim
1515 496 1574 538 vis
1612 497 1719 539 Solis
1747 497 1800 538 sit
1831 496 1886 538 ad

176 572 260 613 vim
278 571 489 628 gravitatis
508 580 554 613 ut
577 577 595 612 1
621 571 674 612 ad
697 575 936 622 12868200,
957 570 1020 613 vis
1040 569 1175 611 Lunae
1194 570 1275 611 erit
1293 569 1347 611 ad
1366 570 1449 610 vim
1468 569 1679 626 gravitatis
1698 577 1746 612 ut
1776 575 1795 612 1
1831 569 1886 610 ad

176 648 388 688 2871400.

234 717 364 758 Corae.
389 722 426 757 l.
487 715 597 758 cum
627 724 734 772 aq'ua
767 717 809 758 vi
845 717 953 759 Solis
983 717 1136 774 agitata
1163 715 1359 758 ascendat
1392 715 1444 756 ad
1479 714 1738 757 altitudinem
1765 714 1884 769 pedis

174 785 295 826 unius
328 793 369 827 et
402 786 593 828 undecim
615 786 841 843 digitorum
860 798 955 828 cum
973 786 1177 829 tricesima
1197 794 1316 841 parte
1335 786 1467 843 digiti,
1503 785 1648 827 eadem
1678 785 1719 825 vi
1751 785 1886 827 Lunae

173 855 368 896 ascendet
395 855 450 897 ad
478 855 735 898 altitudinem
755 864 849 898 octo
868 857 1024 912 pedum
1054 865 1097 899 et
1128 857 1355 914 digitorum
1384 856 1452 912 ἐξ,
1488 863 1530 898 et
1557 856 1598 898 vi
1628 855 1803 911 utraque
1834 857 1887 897 ad

173 924 431 966 altitudinem
451 925 607 980 pedum
635 926 776 968 decem
807 941 903 968 cum
923 928 1103 978 semisse,
1140 936 1181 969 et
1210 927 1282 969 ubi
1314 926 1437 969 Luna
1455 934 1518 968 est
1538 926 1581 967 in
1600 926 1799 983 perigaeO,
1834 928 1888 969 ad

171 994 430 1038 altitudinem
449 997 604 1051 pedum
628 997 847 1039 duodecim
876 1011 972 1039 cum
1000 998 1167 1039 semisse
1195 1005 1238 1039 et
1264 997 1385 1047 ultra,
1417 997 1649 1051 praesertim
1669 997 1742 1038 ubi
1762 1004 1888 1038 aestus

172 1066 304 1107 ventis
334 1066 583 1121 spirantibus
603 1066 832 1122 adjuvatur.
892 1066 1031 1108 Tanta
1065 1076 1204 1109 autem
1237 1068 1298 1108 vis
1332 1068 1386 1109 ad
1418 1082 1562 1109 omnes
1596 1067 1723 1109 maris
1749 1075 1888 1109 motus

169 1135 410 1178 excitandos
430 1135 594 1177 abunde
614 1136 775 1187 sufficit,
807 1146 849 1178 et
877 1138 1093 1193 quantitati
1113 1146 1301 1190 mot-uum
1319 1137 1450 1192 probe
1479 1138 1714 1192 respondet.
1776 1139 1888 1180 Nam

169 1207 214 1249 in
232 1208 413 1249 maribus
434 1222 527 1264 quae
547 1208 601 1250 ab
621 1208 779 1250 oriente
798 1209 842 1249 in
862 1210 1119 1251 occidentem
1139 1209 1221 1250 late
1239 1218 1395 1265 patent,
1418 1211 1479 1252 uti
1493 1211 1537 1251 in
1555 1210 1669 1252 Mari
1690 1211 1886 1263 Pacifico,

167 1288 210 1322 et
241 1280 374 1322 Maris
396 1281 595 1323 Atlantici
625 1290 667 1324 et
686 1281 917 1338 AEthiopici
937 1283 1123 1337 partibus
1142 1291 1262 1323 extra
1281 1282 1474 1338 tropicos,
1500 1298 1606 1338 aqua
1624 1283 1756 1324 attolli
1786 1284 1888 1326 solet

167 1349 222 1391 ad
256 1351 514 1393 altitudinem
532 1352 688 1407 pedum
726 1367 812 1402 sex,
847 1367 1011 1402 novem,
1033 1353 1256 1394 duodecim
1282 1353 1349 1394 vel
1378 1353 1627 1409 quindecim.
1689 1354 1738 1396 In
1773 1354 1886 1397 Mari

166 1430 307 1464 autem
329 1423 523 1474 Pacifico,
556 1424 669 1480 quod
687 1423 933 1479 profundius
963 1434 1025 1466 est
1054 1433 1095 1466 et
1123 1425 1244 1467 latius
1272 1432 1400 1480 patet,
1431 1434 1558 1467 aestus
1576 1425 1771 1468 dicuntur
1801 1441 1888 1469 esse

167 1496 344 1550 majores
366 1494 490 1551 quam
510 1496 553 1536 in
576 1496 787 1538 Atlantico
807 1505 849 1538 et
868 1497 1122 1552 AEthiopico.
1185 1497 1354 1539 Etenim
1374 1497 1418 1553 (¹)
1439 1506 1486 1539 ut
1505 1498 1654 1553 plenus
1674 1499 1727 1540 sit
1747 1506 1884 1549 aestuS‚

166 1563 344 1606 latitudo
363 1565 489 1606 maris
519 1566 573 1607 ab
601 1567 760 1608 oriente
778 1567 820 1608 in
841 1567 1096 1610 occidentem
1123 1582 1211 1610 non
1238 1569 1375 1610 minor
1396 1584 1485 1610 esse
1503 1569 1628 1611 debet
1647 1568 1772 1626 quim
1790 1585 1887 1626 gra-

165 1636 296 1678 duum
317 1636 556 1693 nonaginta.
600 1637 651 1678 In
674 1637 788 1678 Mari
805 1637 1050 1693 AEthiopico
1069 1653 1260 1680 ascensus
1281 1653 1400 1694 aquae
1419 1639 1529 1681 intra
1548 1640 1731 1694 tropicos
1751 1640 1888 1681 minor

165 1714 228 1747 est
258 1706 382 1762 quam
411 1707 454 1747 in
485 1706 598 1747 zonis
618 1708 870 1762 temperatis,
902 1717 1075 1763 propter
1095 1709 1325 1766 angustiam
1346 1710 1472 1752 maris
1503 1710 1610 1752 inter
1629 1710 1816 1752 Africam
1845 1718 1887 1751 et

164 1776 386 1818 australem
404 1785 567 1831 partem
594 1777 815 1819 Americae.
877 1778 930 1819 In
957 1779 1096 1821 medio
1115 1780 1222 1820 mari
1241 1795 1349 1836 aqua
1377 1780 1521 1836 nequit
1540 1781 1776 1831 ascendere,
1806 1780 1886 1822 nisi

164 1849 219 1890 ad
237 1848 352 1890 littus
372 1857 594 1905 utrumque
614 1857 656 1892 et
675 1850 874 1892 orientale
894 1858 936 1892 et
954 1851 1208 1894 occidentale
1224 1852 1346 1894 simul
1360 1852 1609 1894 descendat:
1631 1851 1727 1893 cum
1746 1855 1884 1894 tamen

164 1921 320 1963 vicibus
358 1923 525 1965 alternis
559 1923 614 1964 ad
646 1924 785 1966 littora
818 1923 888 1965 illa
923 1925 967 1966 in
1003 1925 1187 1967 maribus
1222 1925 1373 1967 nostris
1412 1925 1597 1981 angustis
1632 1925 1884 1967 descendere

164 1990 323 2033 debeat.
375 1992 439 2034 Ea
459 1993 512 2035 de
532 1994 654 2035 causa
673 1994 810 2036 fluxus
832 2003 873 2036 et
891 1995 1074 2037 refluxus
1095 1997 1139 2037 in
1158 1996 1316 2047 insulis,
1346 2011 1439 2053 quae
1459 2012 1484 2038 a
1502 1996 1708 2038 littoribus
1728 1997 1884 2052 longis-

165 2062 267 2103 sime
296 2061 458 2114 absunt,
488 2065 738 2122 perexiguus
768 2081 855 2107 esse
885 2066 1000 2108 solet.
1062 2066 1114 2108 In
1144 2067 1350 2122 portubus
1382 2066 1642 2123 quibusdam,
1676 2067 1750 2108 ubi
1777 2081 1883 2122 aqua

164 2145 260 2190 cum
281 2131 438 2187 impetu
467 2148 620 2190 magno
639 2149 715 2189 per
743 2134 835 2177 loca
855 2135 1024 2187 vadosa,
1056 2136 1111 2178 ad
1141 2137 1254 2178 sinus
1283 2137 1451 2178 alternis
1472 2137 1630 2178 vicibus
1650 2136 1882 2191 implendos

164 2209 206 2243 et
234 2203 506 2254 evacuandos,
537 2204 710 2246 influere
731 2213 772 2246 et
791 2205 958 2248 effluere
977 2207 1153 2263 cogitur,
1184 2208 1324 2248 fluxus
1344 2215 1386 2248 et
1405 2207 1589 2248 refluxus
1611 2207 1770 2248 debent
1793 2222 1881 2249 esse

165 2273 288 2315 solito
306 2275 498 2330 majores,
530 2276 590 2317 uti
619 2276 673 2317 ad
705 2277 976 2333 Plymuthum
1006 2287 1048 2320 et
1080 2286 1251 2334 pontem
1273 2279 1533 2334 Chepstowae
1553 2280 1598 2320 in
1618 2279 1772 2334 Anglia
1784 2295 1797 2329 3
1827 2278 1882 2321 ad

162 2353 325 2387 montes
367 2348 409 2388 S.
445 2346 667 2390 Michaelis
707 2357 748 2390 et
786 2350 932 2391 urbem
968 2341 1321 2392 Abrin‘catuorum
1359 2350 1503 2407 (vulgo
1543 2343 1802 2403 Avranches)
1835 2351 1880 2392 in

165 2414 440 2466 Normannia;
461 2417 515 2459 ad
533 2418 775 2460 Cambaiam
795 2427 836 2461 et
858 2420 976 2477 Pegu
994 2421 1038 2461 in
1060 2421 1182 2463 India
1198 2421 1414 2463 Orientali.
1458 2420 1542 2462 His
1563 2421 1608 2462 in
1626 2421 1729 2462 locis
1749 2435 1876 2472 mare,

162 2488 313 2545 magna
334 2505 429 2531 cum
448 2491 662 2533 velocitate
691 2492 927 2534 accedendo
947 2501 987 2534 et
1006 2493 1252 2543 recedendo,
1284 2493 1423 2534 littora
1442 2507 1554 2534 nunc
1574 2492 1749 2534 inundat
1767 2508 1878 2534 nunc

163 2558 279 2600 arida
295 2560 492 2616 relinquit
510 2561 565 2602 ad
583 2562 714 2603 multa
741 2562 945 2604 milliaria.
1005 2563 1154 2619 Neque
1172 2564 1350 2618 impetus
1369 2563 1568 2604 influendi
1597 2571 1639 2604 et
1667 2563 1878 2604 remeandi

161 2628 277 2684 prius
296 2628 431 2686 frangi
450 2638 599 2685 potest,
630 2630 755 2687 quam
772 2647 881 2688 aqua
901 2633 1100 2674 attollitur
1128 2633 1193 2674 vel
1211 2632 1456 2688 deprimitur
1475 2632 1529 2674 ad
1546 2632 1674 2688 pedes
1705 2639 1773 2683 30,
1805 2639 1875 2684 40,

163 2699 228 2741 vel
249 2705 303 2742 50
323 2709 365 2742 et
383 2703 573 2757 amplius.
634 2700 691 2744 Et
709 2717 786 2757 par
805 2711 867 2745 est
895 2704 1001 2745 ratio
1020 2703 1218 2745 fretorum
1239 2704 1516 2760 oblongorum
1544 2711 1586 2744 et
1612 2703 1874 2754 vadosorum,

164 2772 225 2813 uti
256 2772 524 2829 Magellanici
558 2783 599 2817 et
633 2776 720 2830 ejus
755 2790 838 2831 quo
871 2776 1026 2832 Anglia
1059 2777 1334 2818 circundatur.
1395 2776 1541 2818 AEstus
1566 2776 1611 2817 in
1639 2775 1878 2832 hujusmodi

163 2844 367 2899 portubus
386 2853 428 2886 et
446 2845 560 2887 fretis
579 2861 656 2902 per
676 2847 875 2902 impetum
905 2862 1048 2889 cursus
1068 2856 1110 2890 et
1128 2863 1318 2890 recursus
1339 2862 1464 2903 supra
1491 2848 1663 2889 modum
1688 2855 1875 2904 augetur.

165 2914 236 2957 Ad
255 2915 395 2957 littora
413 2916 626 2977 veroquae
647 2918 850 2960 descensu
869 2919 1073 2974 praecipiti
1107 2920 1161 2961 ad
1194 2935 1309 2962 mare
1329 2919 1583 2975 profundum
1615 2927 1657 2961 et
1689 2928 1876 2974 apertum

163 3031 237 3063 Jam
249 3031 320 3062 vero
335 3032 464 3072 sumptis
478 3033 623 3065 horumce
638 3044 837 3065 numerorum
854 3035 998 3075 logarith-
1044 3035 1171 3075 garibus
1184 3036 1439 3077 logatithmorum
1455 3035 1579 3074 tabulis,
1591 3035 1692 3076 prodit
1709 3036 1731 3068 S
1744 3036 1784 3068 ad
1800 3035 1830 3067 L
1841 3042 1877 3067 ut

164 3073 232 3110 mis,
255 3080 288 3106 et
308 3074 445 3116 quaesitis
458 3075 710 3114 respondentibus
727 3077 864 3109 numeris
882 3077 916 3107 in
931 3077 998 3108 vul·
1046 3081 1059 3108 l
1079 3077 1119 3108 ad
1133 3081 1252 3110 4.4815
1266 3077 1508 3119 quamproxim&

1086 3119 1127 3162 (¹)
1145 3123 1162 3140 ⁰
1185 3123 1227 3153 Ut
1236 3123 1347 3162 plenus
1360 3122 1399 3152 sit
1413 3127 1514 3152 oeuus·
1560 3121 1666 3162 (109.)

986 3174 1058 3205 ΗΒ
