2072 3522
737 84 746 129 l

149 229 297 272 anu
318 227 554 278 Tannus]
615 226 932 269 PRINCIPIA
959 226 1455 291 MATHEMATICA.
1792 235 1844 275 17

454 398 828 442 PROPOSITIO
860 398 1039 440 XXIX.
1100 398 1444 440 PROBLEMA
1476 399 1535 440 X.

680 512 868 554 Invenire
883 513 1145 554 variationem
1163 512 1306 553 Lunae.

206 626 258 680 (¹¹)
290 624 436 667 Oritur
469 625 560 666 haec
592 625 844 680 inaequalitas
877 625 1029 680 partim
1062 639 1116 666 ex
1149 625 1280 667 form&
1316 626 1495 681 ellipticfa
1529 628 1639 668 orbis
1673 626 1842 673 mnaris,

146 696 298 751 partim
317 710 368 736 ex
388 695 662 751 inaequalitate
691 704 995 737 momentorum
1014 711 1134 746 areae,
1166 711 1290 752 quam
1311 697 1434 739 Luna
1452 699 1570 740 radio
1589 699 1644 740 ad
1665 700 1843 741 Terram

147 769 273 810 ducto
292 769 498 810 describit.
558 769 603 810 Si
633 769 755 810 Luna
777 769 813 810 P
831 769 875 809 in
894 769 1026 823 ellipsi
1046 769 1090 810 D
1115 769 1152 810 B
1174 770 1211 810 C
1231 770 1272 810 A
1292 770 1400 811 circa
1422 770 1599 812 Terram
1628 772 1672 812 in
1699 780 1844 813 centro

147 841 335 896 ellipseos
356 842 632 898 quiescentem
651 848 900 892 moveretur,
930 849 972 882 et
990 840 1107 881 radio
1127 840 1168 882 T
1190 841 1226 882 P
1254 841 1308 882 ad
1329 842 1506 883 Terram
1533 842 1659 884 ducto
1688 843 1843 884 descri-

145 913 262 954 beret
281 928 418 954 aream
441 913 478 954 C
499 912 540 954 T
561 912 598 953 P
616 912 791 966 tempori
809 910 1159 966 proportionalem
1175 927 1184 951 ε
1216 921 1324 953 esset
1343 920 1481 954 autem
1501 913 1692 968 ellipseos
1723 915 1843 955 semi-

146 984 345 1026 diameter
364 984 544 1024 maxima
565 983 602 1024 C
623 982 665 1024 T
683 983 737 1023 ad
757 981 1125 1023 semi-diametrum
1155 982 1366 1023 minimam
1386 982 1429 1025 T
1447 984 1490 1024 A
1516 992 1564 1025 ut
1593 988 1648 1028 70
1676 984 1731 1025 ad
1760 990 1814 1026 69
1831 1002 1841 1026 :

147 1057 199 1112 (¹)
219 1055 323 1098 foret
343 1063 516 1112 tangens
536 1054 677 1111 anguli
698 1054 735 1096 C
756 1054 798 1095 T
814 1054 850 1095 P
869 1053 923 1094 ad
942 1060 1179 1110 tangentem
1208 1053 1349 1110 anguli
1367 1054 1509 1096 motus
1524 1055 1649 1097 medii
1669 1072 1694 1097 a
1713 1058 1842 1113 quad-

187 1171 232 1213 (“’)
260 1173 278 1191 ”
307 1172 411 1202 Oritur
435 1173 500 1202 haec
524 1171 723 1211 inaeqmlitas‚
750 1169 806 1200 &c-
863 1169 972 1209 Pergit

146 1214 318 1244 Newtonus
329 1213 361 1243 in
369 1212 529 1252 hypothesi
539 1212 623 1252 quod
631 1209 749 1242 semota
761 1211 840 1242 Solis
852 1212 972 1242 actione

145 1256 225 1287 orbis
242 1256 344 1286 Lunae
358 1255 513 1286 circularis
527 1255 626 1292 foret;
650 1254 682 1284 in
696 1254 879 1293 praecedenti
899 1252 972 1284 vero

146 1298 368 1337 propositione,
375 1297 587 1328 determinavit
594 1306 761 1337 quamnam
770 1296 972 1327 mutationem

136 1338 302 1372 'induceret
325 1340 372 1370 illi
386 1339 503 1370 circulo
514 1339 561 1369 vis
577 1339 666 1376 Solis,
688 1337 843 1379 quotenus
854 1349 891 1369 ea
904 1339 972 1378 ejus

125 1383 242 1424 *portio
263 1383 428 1413 assumitur
441 1393 511 1423 quae
532 1381 570 1412 ad
594 1388 733 1412 centrum
747 1381 844 1412 Terra
857 1386 972 1420 spectat

142 1433 174 1456 et
187 1435 260 1456 cum
274 1425 422 1465 gravitate
437 1425 539 1455 Lunae
553 1433 656 1454 versus
672 1424 800 1454 Terram
815 1424 968 1460 sociatur;

141 1468 254 1509 itaque,
279 1473 403 1506 sumpto
416 1477 527 1497 novam
543 1466 675 1507 figuram
697 1467 778 1496 orbis
792 1465 909 1496 lunaris
931 1465 971 1495 ad

1013 1173 1156 1199 centrum
1172 1169 1201 1199 T
1215 1168 1276 1199 sint
1300 1170 1490 1208 temporibus
1512 1172 1762 1211 proportionales,
1789 1173 1842 1203 de-

1013 1211 1162 1241 scribatur
1185 1211 1319 1242 circulus
1333 1211 1442 1243 eodem
1456 1219 1571 1248 centro,
1596 1214 1682 1245 radio
1698 1215 1728 1245 T
1744 1215 1781 1252 C,
1808 1216 1841 1244 in

1014 1252 1081 1293 ejus
1094 1252 1199 1282 circuli
1214 1252 1461 1284 circumferentia
1474 1262 1635 1286 moveatur
1647 1257 1741 1287 Luna
1754 1263 1842 1287 motu

1013 1294 1127 1331 medio,
1156 1301 1356 1336 sumaturque
1378 1296 1411 1325 in
1436 1307 1474 1327 eo
1499 1298 1615 1328 circulo
1643 1309 1731 1329 arcus
1759 1300 1784 1330 C
1810 1306 1839 1330 Π

1013 1336 1143 1375 tempori
1157 1337 1253 1367 cuivis
1264 1337 1336 1368 dato
1348 1339 1588 1377 proportionalis,
1601 1340 1694 1371 ducta
1704 1341 1844 1372 ordinata

1015 1385 1046 1409 Π
1064 1378 1094 1409 Ρ
1120 1378 1164 1415 K,
1190 1379 1260 1409 dico
1281 1380 1365 1419 quod
1389 1390 1460 1412 area
1482 1381 1616 1420 elliptica
1641 1383 1670 1411 Τ
1688 1384 1714 1413 C
1733 1383 1760 1413 P
1785 1384 1842 1413 erit

1012 1420 1143 1459 tempori
1166 1422 1408 1459 proportionalis,
1433 1423 1492 1452 hoc
1518 1431 1564 1453 est
1577 1425 1661 1464 quod
1682 1431 1747 1455 tota
1772 1435 1842 1455 area

1012 1462 1146 1502 elliptica
1160 1463 1216 1493 erit
1230 1463 1270 1493 ad
1284 1474 1357 1493 eum
1365 1470 1512 1495 sectorem
1529 1466 1559 1496 T
1573 1467 1598 1497 C
1614 1467 1641 1496 P
1656 1474 1691 1497 ut
1706 1474 1751 1497 est
1765 1475 1841 1497 tem-

1011 1515 1071 1544 pus
1083 1505 1274 1544 periodicum
1290 1506 1392 1536 Lunae
1406 1507 1445 1537 ad
1459 1514 1583 1547 tempus
1595 1508 1712 1539 datum.

1056 1547 1117 1577 Est
1130 1548 1214 1577 enim
1228 1554 1292 1578 tota
1305 1548 1410 1579 circuli
1422 1549 1668 1581 circumferentia
1682 1553 1721 1581 ad
1735 1562 1839 1582 arcun·

1015 1589 1042 1620 C
1059 1596 1100 1626 Π,
1125 1589 1186 1620 sive
1201 1595 1283 1620 totus
1297 1591 1431 1621 circulus
1455 1591 1495 1621 ad
1520 1602 1622 1623 aream
1651 1594 1678 1624 C
1695 1595 1724 1624 T
1740 1601 1780 1630 n,
1807 1601 1842 1626 ut

1011 1637 1134 1670 tempus
1158 1632 1348 1671 periodicum
1363 1639 1464 1664 toturn
1485 1634 1525 1664 ad
1546 1642 1667 1674 tempus
1681 1636 1788 1666 datum
1804 1647 1842 1667 cx

1011 1674 1246 1709 constructione,
1273 1674 1326 1705 sed
1350 1685 1389 1705 ex
1414 1674 1489 1706 noti
1517 1677 1622 1707 cirmli
1647 1686 1678 1708 et
1703 1679 1842 1717 ellipseos

1011 1716 1204 1755 proprietate,
1219 1723 1265 1747 est
1278 1722 1420 1748 totnarea
1430 1718 1564 1758 elliptica
1577 1720 1616 1750 ad
1631 1726 1727 1750 totam
1738 1731 1840 1751 aream

1011 1755 1116 1789 circuli
1140 1764 1176 1789 ut
1204 1759 1233 1789 T
1251 1759 1281 1789 A
1307 1759 1347 1789 ad
1372 1760 1399 1791 C
1425 1761 1463 1797 T,
1488 1767 1518 1791 et
1543 1762 1654 1800 pariter
1676 1771 1722 1793 est
1744 1770 1842 1794 sector

142 1510 275 1549 ellipsim
301 1519 390 1549 posse
421 1508 564 1546 revocari,
595 1508 782 1539 demonstrat
809 1508 843 1538 iu
873 1507 966 1547 Prop-

141 1552 332 1592 praecedente
342 1562 410 1582 enm
421 1551 552 1590 ellipsim
564 1550 731 1582 talemense
744 1556 780 1580 ut
793 1550 859 1580 axis
872 1551 970 1592 major

141 1595 181 1626 sit
193 1595 232 1625 ad
247 1595 398 1624 minorem
412 1600 450 1624 ut
464 1597 505 1624 70
514 1593 554 1624 ad
565 1598 622 1630 69;
637 1599 741 1623 motus
754 1599 858 1623 autem
868 1593 970 1623 Lunae

141 1638 175 1668 iu
201 1637 255 1668 tali
276 1636 375 1676 cllipsi
390 1636 480 1666 debet
501 1635 567 1665 fieri
587 1636 632 1665 ita
653 1641 690 1665 ut
709 1645 788 1665 areae
811 1635 969 1674 descriptae

141 1681 222 1711 circa
235 1686 375 1709 centrum
391 1678 495 1709 Terrae
516 1677 578 1708 sint
598 1677 786 1717 temporibus
800 1677 969 1717 proportio-

141 1722 235 1759 nalae,
252 1722 325 1762 quia
334 1721 412 1751 vires
419 1731 490 1761 quae
502 1726 712 1756 assumuntur,
727 1719 767 1750 ad
781 1719 814 1750 id
828 1726 970 1750 centrum

141 1764 337 1805 diriguntur;
363 1762 496 1803 cumque
517 1773 595 1793 areae
608 1762 670 1792 iuae
694 1762 846 1801 ellipticae,
870 1772 969 1804 angu-

141 1806 231 1837 lis‘in
248 1811 354 1836 centro
364 1805 453 1836 factis
469 1804 709 1844 proportionales
727 1815 791 1836 non
812 1805 884 1842 sint,

141 1849 278 1890 sequitur
291 1847 361 1878 illos
369 1847 500 1889 angulos
513 1848 546 1877 in
560 1853 665 1878 centro
678 1847 759 1877 sacto
767 1853 885 1886 tempo-

140 1891 224 1921 ribus
230 1890 468 1930 proportionales
474 1900 537 1921 non
547 1900 618 1925 esse,
628 1887 759 1930 ideoque
769 1889 886 1930 aliquid

141 1933 358 1974 corrigendum
366 1943 432 1963 esse
439 1932 539 1963 motui
548 1931 651 1962 medio
659 1932 769 1967 Lunae,
780 1931 814 1961 iu
822 1942 886 1972 quo

142 1976 250 2017 anguli
271 1975 305 2005 in
319 1982 424 2006 centro
440 1975 544 2006 Terrae
558 1974 630 2005 facti
645 1974 885 2013 proportionales

141 2018 330 2056 temporibus
343 2024 552 2054 assumuntur,
570 2023 606 2047 ut
620 2017 768 2047 habeatur
784 2016 886 2047 Lunae

141 2067 245 2090 motus
265 2069 376 2097 verus3
405 2066 438 2090 et
458 2061 525 2090 haec
548 2059 694 2090 correctio
721 2059 886 2090 constituet

141 2107 256 2142 partem
265 2101 448 2139 variationis,
458 2112 528 2143 quae
537 2106 591 2137 est,
601 2101 634 2130 in
643 2099 702 2131 hac
712 2101 882 2140 hypothesi,

140 2155 229 2175 arcus
242 2144 429 2183 interceptus
442 2144 522 2174 inter
537 2143 642 2173 locum
662 2143 800 2173 medium
817 2144 883 2174 Lu-

139 2197 190 2218 nae
203 2193 234 2218 et
248 2187 352 2218 locum
366 2187 434 2217 e‘us
447 2196 565 2222 verum,
581 2190 612 2215 et
624 2186 691 2215 haec
705 2195 775 2224 pars
789 2187 884 2216 varia—

140 2230 232 2260 tionis
244 2241 278 2260 ea·
371 2240 391 2260 a
405 2227 544 2268 εΗίριίι-ᾶ,
559 2237 652 2267 quam
667 2227 794 2258 assumit
808 2229 884 2258 orbis

139 2274 258 2304 lunaris
270 2282 326 2311 per
341 2270 421 2302 Solis
433 2271 597 2306 actionem,
612 2271 718 2301 oritur.

184 2314 293 2346 Altera
306 2324 376 2354 pars
388 2313 562 2344 variationis
575 2313 671 2342 oritur
686 2322 723 2342 ex
739 2311 775 2342 es
789 2312 884 2342 actio-

140 2357 189 2388 nis
201 2357 280 2388 Solis
292 2363 376 2396 parte
389 2365 483 2396 quam
497 2353 699 2386 consideravit
710 2355 743 2385 N
744 2361 884 2384 ewtonus

142 2399 236 2440 Prop.
257 2399 394 2429 XXVI.
421 2405 452 2428 et
473 2395 537 2439 qua
561 2397 597 2427 fit
617 2402 655 2427 ut
672 2397 747 2436 ipsae
761 2407 840 2427 areae
864 2408 884 2427 a

142 2442 238 2473 Luna
257 2441 415 2480 descriptae
435 2440 624 2480 temporibus
644 2449 707 2469 non
731 2439 791 2469 sint
811 2449 882 2478 pro-

140 2483 344 2524 portionales;
367 2493 436 2514 area
451 2484 554 2523 itaque
567 2482 694 2522 tempori
710 2481 883 2521 proportio.

143 2527 223 2558 nelis
250 2525 430 2566 corrigenda
454 2532 509 2562 est,
539 2524 633 2566 idque
661 2523 884 2555 detrahendum

140 2570 190 2600 vel
210 2568 386 2601 addendum
407 2568 491 2608 quod
512 2567 640 2599 debetur
659 2566 703 2596 illi
726 2566 849 2603 actioni,
871 2567 968 2607 quod.

141 2622 202 2652 que
221 2622 277 2651 per
297 2611 554 2641 constructionem
582 2609 686 2641 Probl.
713 2608 809 2639 nostri
835 2619 867 2639 n.
894 2613 966 2640 112.

141 2653 342 2686 determinare
375 2653 559 2684 facillimum
594 2652 652 2682 erit
667 2663 676 2688 ;
713 2661 808 2692 quam
843 2651 969 2691 quidem

143 2697 400 2728 constructionem
413 2705 476 2725 non
490 2694 576 2726 dedit
591 2695 773 2730 Newtonus,
795 2694 883 2733 quasi
902 2704 968 2725 me-

142 2738 297 2770 diocribus
324 2744 461 2768 uteretur
488 2737 710 2778 quantitatibus
737 2746 774 2766 ex
805 2745 903 2775 aequo,
932 2743 970 2767 ut

142 2781 238 2817 aiunt,
254 2786 286 2811 et
298 2782 380 2811 bono
389 2779 560 2819 mumptis,
573 2779 681 2810 verum
695 2778 747 2808 vix
761 2777 968 2808 dubitandum

142 2823 219 2864 quin
243 2823 283 2853 ad
305 2824 383 2853 hanc
404 2822 451 2852 vel
473 2822 604 2853 similem
627 2821 897 2865 constructionem,
920 2830 967 2850 re-

142 2866 283 2904 spexerit,
308 2865 331 2894 ii
353 2864 436 2894 enim
461 2874 525 2894 non
547 2870 634 2895 erant
656 2873 744 2894 casus
767 2863 880 2903 quibus
902 2863 968 2893 haec

142 2907 245 2939 media
259 2907 325 2937 sine
339 2906 596 2937 demonstratione
610 2906 724 2936 assumi
735 2911 859 2944 possent
873 2915 892 2935 a
906 2905 970 2935 viro

143 2948 264 2981 summe
278 2955 420 2980 accurato
436 2954 466 2979 et
479 2948 659 2988 perspicace-

186 2990 234 3034 (²)
262 2994 279 3012 ⁸
307 2993 401 3024 Fure-t
421 2993 527 3031 anguli
547 2997 684 3031 tangem-
733 2989 780 3020 Sit
795 2989 822 3020 C
840 2989 871 3018 A
889 2989 922 3019 D
939 2989 968 3020 Β

143 3034 256 3074 ellipsis
270 3044 364 3076 qnam
380 3034 473 3064 Luna
486 3032 637 3069 describit,
664 3032 707 3063 ita
731 3037 769 3062 ut
789 3041 868 3061 areae
889 3031 971 3062 cirea

1015 2565 1132 2597 CTP
1153 2566 1192 2596 ad
1218 2566 1837 2608 CTnutTAadCT(namtrian·

1011 2607 1087 2648 gula
1110 2608 1415 2645 rectilineaTPK‚
1444 2610 1518 2640 ΤΠ
1538 2610 1571 2640 Κ
1596 2615 1669 2639 sunt
1692 2615 1728 2639 ut
1752 2610 1838 2639 bases

1014 2650 1043 2680 P
1059 2650 1102 2686 K,
1121 2657 1152 2681 Π
1171 2651 1226 2689 Κ;
1250 2662 1328 2682 areae
1350 2650 1525 2681 curvilineae
1550 2653 1577 2682 C
1594 2652 1623 2682 P
1640 2651 1683 2686 K,
1712 2651 1738 2683 C
1755 2657 1784 2681 11
1802 2650 1837 2681 Κ

1011 2699 1085 2723 sunt
1093 2694 1195 2730 etiam,
1206 2705 1242 2723 ex
1255 2692 1330 2724 nota
1340 2693 1481 2731 ellipseos
1494 2699 1525 2723 et
1538 2693 1643 2724 circuli
1655 2693 1838 2732 proprietate

1010 2741 1048 2765 ut
1073 2736 1101 2765 P
1126 2736 1159 2766 K
1184 2736 1225 2766 ad
1252 2743 1281 2766 Π
1309 2736 1352 2771 K,
1377 2745 1451 2775 ergo
1474 2735 1530 2766 toti
1554 2742 1684 2766 sectores
1709 2734 1837 2772 CTP,

1014 2777 1463 2808 CTnsuntutPKadn
1482 2777 1838 2818 KquaesuntutTA

1010 2819 1050 2849 ad
1068 2820 1094 2850 C
1112 2820 1167 2859 T,)
1195 2830 1269 2860 ergo
1282 2826 1346 2850 tota
1361 2830 1430 2849 area
1444 2819 1577 2858 elliptica
1601 2826 1647 2850 est
1670 2819 1710 2849 ad
1735 2829 1837 2849 amm

1011 2861 1116 2892 circuli
1133 2869 1167 2892 ut
1177 2869 1275 2892 sector
1287 2863 1312 2892 C
1327 2862 1355 2892 T
1370 2862 1397 2892 P
1410 2861 1450 2891 ad
1467 2862 1492 2891 C
1507 2862 1536 2892 T
1547 2869 1587 2899 n,
1603 2868 1634 2892 et
1648 2861 1837 2898 alternando,

1012 2909 1076 2934 tota
1101 2914 1171 2934 area
1195 2903 1328 2943 elliptica
1353 2903 1393 2933 ad
1418 2909 1565 2934 sectorem
1582 2904 1608 2935 C
1625 2904 1655 2934 T
1672 2903 1709 2940 P,
1733 2910 1770 2934 ut
1793 2913 1839 2934 est

1013 2946 1119 2976 circuli
1132 2956 1203 2976 area
1216 2946 1256 2976 ad
1274 2947 1299 2977 C
1318 2946 1347 2976 T
1363 2952 1402 2979 Π,
1427 2956 1482 2976 seu
1496 2953 1532 2976 ut
1546 2952 1592 2977 est
1604 2951 1726 2984 tempus
1740 2946 1839 2985 perio-

1012 2988 1127 3025 dicum,
1143 2988 1183 3018 ad
1196 2995 1319 3028 tempus
1333 2987 1449 3018 datum.

1057 3029 1089 3060 Si
1104 3040 1178 3071 ergo
1191 3040 1262 3061 area
1279 3031 1305 3062 C
1317 3030 1346 3060 T
1359 3030 1387 3060 P
1400 3030 1440 3060 sit
1453 3030 1583 3070 tempori
1597 3030 1840 3071 proportionalis,
