2072 3522
165 283 315 350 Llnun
328 283 567 335 Timum]
612 282 935 325 PRINCIPIA
964 278 1457 325 MATHEMATICA.
1790 289 1870 324 133

162 400 394 451 viciniores,
427 400 498 456 qui
523 400 567 440 in
591 399 656 440 his
675 399 862 455 partibus
882 384 1167 447 versarentur3
1198 405 1240 439 et
1262 397 1335 439 Sol
1353 397 1618 452 interpositus
1637 396 1876 438 obscuraret

142 478 148 484 '
165 480 347 513 caeteros.
390 469 554 512 Verum
564 469 845 526 percurrendo
864 469 1054 511 historias
1069 477 1336 519 cometarum,
1355 469 1489 523 reperi
1510 469 1622 524 quod
1637 469 1871 525 quadruplo

163 542 230 583 vel
257 542 476 598 quintuplo
503 542 643 596 plures
663 541 813 582 detecti
833 549 928 582 sunt
953 541 997 581 in
1015 540 1310 595 hemisphaerio
1333 540 1472 582 Solem
1493 555 1646 591 versus,
1677 539 1801 597 qudm
1828 540 1872 580 in

163 613 456 667 hemisphaerio
487 613 690 668 opposito,
720 619 874 667 praeter
903 612 1004 653 alios
1036 610 1312 667 proculdubio
1345 626 1432 652 non
1461 626 1629 667 paucos,
1663 627 1767 668 quos
1798 612 1875 653 lux

165 683 309 725 solaris
339 683 510 725 obtexit.
558 682 780 724 'Nimirum
809 683 853 723 in
873 683 1075 724 descensu
1094 681 1148 723 ad
1176 681 1365 738 regiones
1385 690 1548 723 nostras
1568 697 1701 738 neque
1721 683 1871 724 caudas

164 755 368 804 emittunt,
399 769 535 810 neque
563 754 670 795 adeo
698 755 954 796 illustrantur
982 769 1007 795 a
1037 754 1146 803 Sole,
1177 761 1224 794 ut
1250 753 1375 795 nudis
1403 753 1534 794 oculis
1554 768 1596 794 se
1626 754 1740 808 prius
1759 755 1873 797 dete'-

164 827 322 883 gendos
354 827 588 878 exhibeant,
621 827 744 883 quam
774 828 856 868 sint
883 827 974 882 ipso
992 827 1096 868 Jove
1115 826 1343 881 propiores.
1405 825 1537 880 spatii
1557 834 1695 866 autem
1714 827 1873 868 tantillo

163 899 381 940 intervallo
408 900 517 941 circa
541 900 680 942 Solem
699 899 894 953 descripti
912 913 1008 953 pars
1037 897 1162 954 longe
1190 897 1321 952 major
1341 897 1420 938 sita
1439 905 1502 938 est
1520 913 1546 938 a
1563 897 1690 938 latere
1712 897 1871 948 Terrae,

165 970 278 1026 quod
300 970 440 1012 Solem
460 971 649 1026 respicit3
679 970 805 1025 inque
831 977 950 1024 parte
978 967 1047 1009 illa
1073 969 1229 1023 majore
1249 976 1434 1018 cometae,
1469 967 1557 1009 Soli
1584 976 1630 1008 ut
1648 967 1873 1022 plurimum

164 1042 394 1093 viciniores,
415 1043 547 1100 magis
565 1042 788 1084 illuminari
809 1041 953 1083 solent.

223 1114 355 1155 Corol.
378 1120 417 1155 3.
452 1113 502 1169 (¹¹)
525 1113 643 1155 Hinc
673 1113 797 1154 etiam
824 1111 1086 1154 manifestum
1114 1119 1190 1162 est,
1221 1110 1334 1167 quod
1366 1110 1460 1152 coeli
1490 1111 1719 1154 resistentia
1750 1113 1874 1155 desti-

165 1194 351 1228 tuantur.
411 1187 523 1228 Nam
552 1195 725 1229 cometae
753 1186 839 1227 vias
869 1187 1056 1242 obliquas
1077 1194 1118 1227 et
1136 1201 1432 1242 nonnunquam
1452 1187 1590 1228 cursui
1618 1187 1875 1242 planetarum

166 1259 394 1300 contrarias
423 1259 564 1310 secuti,
596 1266 815 1300 moventur
844 1257 1101 1299 omnifariam
1129 1256 1351 1307 liberrime,
1385 1256 1426 1297 e't
1451 1265 1588 1298 motus
1615 1272 1725 1308 suos,
1753 1259 1875 1300 etiam

1415 1329 1462 1384 (“)
1496 1329 1638 1370 Fallor
1670 1329 1715 1369 ni
1744 1345 1875 1387 genus

164 1402 426 1458 planetarum
454 1403 547 1453 sint,
580 1410 622 1444 et
648 1410 766 1444 motu
790 1410 992 1457 perpetuo
1010 1401 1053 1442 in
1075 1401 1219 1442 orbem
1239 1398 1429 1442 redeant.
1485 1396 1596 1453 Nam
1616 1401 1728 1457 quod
1747 1402 1876 1458 scrip-

166 1481 276 1516 tores
297 1475 423 1530 aliqui
450 1482 635 1516 meteora
648 1489 743 1516 esse
762 1474 918 1525 volunt,
948 1481 1238 1530 argumentum
1258 1490 1283 1515 a
1303 1474 1486 1529 capitum
1514 1474 1724 1528 perpetuis
1742 1481 1877 1516 mutae

166 1546 347 1588 tionibus
381 1547 590 1597 ducentes,
626 1546 896 1588 fundamento
932 1561 1072 1588 carere
1102 1546 1278 1588 videtur.
1355 1546 1417 1601 (¹¹¹)
1447 1546 1596 1601 Capita
1624 1553 1878 1588 cometarum

165 1619 450 1674 atmosphaeris
470 1619 705 1676 ingentibus
726 1619 972 1676 cinguntur3
1003 1627 1046 1660 et
1063 1619 1352 1674 atmosphaerae
1379 1618 1539 1660 inferne
1558 1606 1768 1660 densiores
1790 1633 1879 1661 esse

167 1689 332 1731 debent.
394 1689 521 1732 Unde
538 1690 669 1734 nubes
689 1699 797 1741 sunt,
819 1705 904 1731 non
920 1691 1014 1753 ipsa
1032 1698 1286 1732 cometarum
1306 1705 1494 1746 corpora,
1516 1691 1560 1731 in
1576 1690 1723 1746 quibus
1741 1697 1877 1732 muta-

165 1760 296 1802 tiones
323 1760 406 1802 illae
434 1761 634 1802 visuntur.
695 1761 765 1803 Sic
794 1761 928 1802 Terra
956 1761 991 1802 si
1019 1776 1043 1802 e
1070 1760 1246 1816 planetis
1276 1769 1543 1816 spectaretur,
1574 1760 1667 1802 luce
1697 1760 1875 1802 nubium

166 1848 334 1875 suarum
360 1833 634 1889 proculdubio
662 1834 910 1889 splenderet,
932 1841 977 1875 et
995 1848 1145 1888 corpus
1165 1833 1332 1874 firmum
1352 1833 1429 1875 sub
1448 1832 1628 1874 nubibus
1652 1831 1783 1888 prope
1807 1833 1877 1874 de-

163 1905 381 1946 litesceret.
443 1905 512 1946 Sic
532 1904 699 1961 cingula
724 1892 839 1946 Jovis
858 1904 901 1944 in
920 1904 1101 1945 nubibus
1120 1904 1298 1959 planetae
1318 1903 1427 1945 illius
1448 1895 1624 1944 ‘formata
1644 1912 1751 1953 sunt,
1787 1918 1877 1959 quae

167 1979 291 2020 situm
321 1985 484 2018 mutant
512 1977 619 2018 inter
649 1992 705 2028 se,
736 1985 778 2019 et
805 1977 973 2018 firmum
1001 1977 1116 2019 Jovis
1127 1982 1281 2033 corpus
1305 1990 1382 2034 per
1400 1976 1530 2017 nubes
1558 1975 1649 2017 illas
1668 1975 1791 2018 diffici
1799 1975 1878 2017 lius

168 2047 361 2090 cernitur.
421 2046 479 2088 Et
506 2047 637 2088 multo
664 2047 795 2104 magis
823 2061 999 2103 corpora
1018 2060 1272 2088 cometarum
1293 2045 1372 2089 sub
1393 2045 1680 2101 atmosphaeris
1705 2054 1748 2088 et
1770 2060 1879 2102 pro-

147 2118 424 2170 fundioribus
445 2127 486 2160 et
504 2118 771 2161 crassioribus
791 2117 989 2161 abscondi
1008 2117 1173 2161 debent.

165 1338 310 1371 contra
339 1339 505 1372 cursum
538 1331 798 1386 planetarum
827 1328 1054 1371 diutissime
1084 1337 1339 1370 conservant.

210 2278 257 2320 (“)
285 2281 302 2299 ⁸
325 2281 413 2311 Hinc
437 2281 530 2311 etiam
552 2280 752 2323 manifestum
777 2286 829 2311 eu.
873 2279 995 2311 Clariss.
1041 2289 1123 2311 cesse
1146 2278 1268 2309 videtur
1290 2283 1328 2308 ut
1352 2276 1544 2317 rapidissimo
1566 2277 1716 2307 vorticum
1739 2279 1876 2307 torrente

170 2321 317 2352 Cassiuus
336 2322 368 2351 in
394 2322 483 2352 Mon.
504 2323 602 2353 Paris.
621 2333 671 2353 an.
692 2326 783 2354 1731.
807 2323 999 2363 retrogrados
1041 2321 1185 2353 contrarii
1206 2326 1395 2351 cometarum
1417 2326 1520 2350 motus
1539 2318 1672 2349 maxime
1694 2321 1874 2358 perturben-

134 2387 138 2390 »
167 2370 355 2394 cometarum
370 2371 474 2395 motus
487 2365 527 2395 ad
541 2365 672 2396 directos
687 2364 847 2405 ingeniose
861 2365 994 2396 reduxit.
1040 2371 1102 2401 tur,
1132 2361 1257 2403 citoque
1285 2362 1490 2398 destruantur,
1526 2371 1562 2392 ac
1591 2361 1716 2392 tandem
1744 2366 1876 2391 cometae

149 2425 152 2428 ‹
169 2406 354 2437 observatos
366 2405 570 2445 plurimorum
585 2413 772 2438 cometarum
784 2414 888 2439 motus
902 2414 998 2438 retro·

165 2448 278 2489 grados
301 2458 400 2479 meras
422 2459 488 2479 ase
504 2451 695 2488 apparentias
715 2450 912 2490 conjectatur,
934 2459 998 2480 non

166 2500 255 2521 secus
282 2501 318 2522 ac
347 2490 481 2522 directus
512 2492 705 2530 planetarum
734 2492 998 2523 circumsolarium

166 2538 272 2563 motus
303 2539 428 2573 apparet
466 2533 633 2574 aliquando
667 2534 872 2575 retrogradus.
935 2534 997 2565 Sed

165 2575 305 2615 quamvis
319 2575 506 2606 celeberrimi
521 2576 651 2616 hujusce
664 2577 830 2607 astronomi
840 2576 996 2618 judicium

166 2617 300 2648 maxime
324 2628 513 2654 veneremur,
544 2618 711 2649 nonnullos
733 2624 838 2649 tamen
863 2626 996 2654 cometas

166 2666 256 2690 motu
274 2659 344 2691 vere
366 2660 545 2702 retrogrado
569 2659 676 2691 contra
699 2661 808 2691 seriem
836 2661 995 2702 signorum

166 2710 295 2732 cursum
317 2702 450 2734 tenuisse
473 2702 653 2734 conabimur
674 2702 842 2741 ostendere,
864 2704 919 2734 ubi
940 2703 998 2734 haic

167 2743 207 2773 de
221 2753 255 2773 re
269 2747 359 2783 plura
371 2745 493 2776 dicendi
510 2745 598 2777 locus
612 2745 743 2782 dabitur,
766 2752 925 2786 postquam
940 2746 999 2776 sci-

167 2784 240 2815 licet
254 2786 468 2817 tradiderimus
478 2794 620 2819 motuum
634 2794 823 2819 cometarum
832 2789 993 2819 elementa.

171 2827 324 2867 Obliquas
343 2839 408 2861 esse
426 2839 649 2871 nonnunquam
671 2837 862 2861 cometarum
879 2830 942 2860 vias
966 2836 998 2861 et

167 2870 272 2900 cursui
293 2870 484 2909 planetarum
505 2874 670 2904 contrarias
683 2873 771 2903 fateri
793 2883 856 2903 non
875 2872 996 2903 dubita·

167 2918 242 2942 runt
265 2912 391 2952 quidam
417 2914 594 2946 Canesiaui.
653 2914 773 2946 Verum
796 2914 859 2955 qua
880 2915 997 2946 ratione

167 2954 278 2985 diversi
292 2954 337 2984 illi
353 2962 542 2986 cometarum
552 2963 656 2988 motus
666 2968 738 2987 cum
749 2958 913 2989 vorticibus
923 2967 997 2988 con-

168 2996 265 3027 ciliari
290 2997 416 3036 possint,
442 2997 567 3029 difficile
594 2999 789 3041 intelligitur,
819 2999 891 3030 cum
914 3001 999 3030 enim

168 3044 296 3070 cometae
312 3039 345 3070 in
360 3039 501 3081 regiones
520 3040 715 3081 planetarum
729 3042 925 3079 descendant,
943 3052 998 3073 ne-

1041 2407 1171 2447 hujusce
1192 2405 1334 2436 torrentis
1356 2404 1385 2433 vi
1403 2403 1571 2442 rapiantur.
1618 2405 1664 2434 At
1684 2402 1805 2434 summe
1826 2411 1875 2432 ro-

1043 2449 1165 2490 gulares
1179 2458 1245 2478 este
1259 2453 1448 2477 cometarum
1458 2452 1570 2482 motus,
1584 2451 1614 2476 et
1628 2444 1733 2476 contra
1748 2454 1872 2476 cursum

1041 2487 1413 2530 planetarumsdiutissime
1421 2489 1597 2523 conservari,
1606 2487 1763 2518 nonnullis
1770 2498 1873 2518 come-

1043 2539 1148 2565 tarum
1163 2532 1311 2572 exemplis
1326 2531 1470 2570 deinceps
1483 2531 1608 2570 patebit.

1082 2602 1122 2645 (¹)
1135 2605 1153 2623 ⁷*
1168 2604 1284 2636 Fauor,
1298 2602 1333 2631 πί
1344 2611 1443 2640 genus
1451 2601 1650 2640 planetarum
1660 2601 1732 2631 sint.
1766 2598 1874 2635 Quam

1042 2646 1187 2687 gravibus
1218 2643 1430 2674 fundamentis
1465 2642 1581 2673 nitatur
1614 2643 1681 2673 haec
1711 2642 1873 2680 sententia,

1039 2687 1239 2718 manifestum
1266 2686 1334 2728 erit·
1357 2683 1464 2724 postea
1491 2694 1531 2714 ex
1566 2685 1657 2715 variis
1684 2685 1874 2715 cometarum

1040 2729 1260 2770 phaeuomenis.

1083 2788 1138 2831 (“)
1157 2791 1174 2808 ”
1193 2790 1299 2828 Capita
1315 2793 1501 2820 cometarum
1515 2785 1725 2825 atmosphaeris
1738 2784 1874 2825 ingenti-

1039 2832 1100 2862 bus
1110 2830 1196 2871 cingi
1205 2830 1294 2861 variis
1305 2829 1493 2870 argumentis
1503 2829 1702 2867 imposterum
1712 2827 1874 2858 confirmat

1041 2874 1223 2904 Newtonus.
1271 2873 1428 2903 Caeterum
1449 2871 1483 2900 in
1505 2870 1577 2909 ipsis
1598 2876 1789 2900 cometarum
1804 2879 1871 2900 cor-

1042 2915 1169 2954 poribus
1190 2925 1254 2946 non
1277 2915 1342 2945 fieri
1363 2919 1526 2953 perpetuas
1544 2912 1730 2943 mutationes
1749 2912 1819 2942 illas
1838 2913 1873 2941 in

1043 2957 1176 2988 decursu
1191 2957 1343 2988 constabit
1364 2954 1606 2995 independenter
1619 2953 1748 2985 omnino
1761 2956 1800 2985 ab
1818 2954 1872 2984 illa

1042 3000 1188 3037 opinione
1215 3010 1285 3041 quae
1322 2998 1449 3030 cometis
1487 2997 1629 3039 ingentes
1656 2997 1874 3037 annosphaer'as

1040 3042 1157 3074 tribuit.
