2072 3522
148 268 309 316 Em*
319 274 565 327 m]
622 274 948 349 PRINCJPIA
958 274 1464 318 MATHEMATICA.
1785 281 1836 321 17
1842 286 1875 324 3.

148 387 310 430 theoria
338 382 614 444 planetarum,
645 399 688 433 et
716 406 812 434 cum
841 391 1043 433 accuratis
1064 390 1424 432 observationibus
1445 389 1731 432 astronomicis
1749 405 1872 433 accu-

144 460 234 502 rate
254 464 459 519 congruit,
480 478 567 504 non
586 472 831 519 potest‘non
851 479 940 506 esse
952 479 1067 506 vera.

203 531 416 575 Caeterum
437 535 717 590 trajectoriam
736 550 861 591 quam
881 543 1043 577 cometa
1062 535 1293 591 descripsit,
1324 542 1366 577 et
1386 535 1566 577 caudam
1586 549 1724 579 veram
1745 550 1870 593 quam

144 602 320 660 singulis
339 604 384 645 in
402 604 506 646 locis
524 607 711 662 projecit,
741 607 876 649 visum
895 616 959 649 est
979 622 1145 649 annexo
1165 607 1375 649 schemate
1403 608 1450 648 in
1474 609 1602 663 plano
1622 609 1869 665 trajectoriae

142 675 370 719 delineatas
400 678 624 722 exhibere:
654 680 728 720 ubi
757 680 799 721 A
821 681 859 722 B
882 681 918 722 C
938 680 1111 723 denotat
1129 679 1408 736 trajeetofiam
1428 689 1614 732 cometae,
1646 681 1692 723 D
1714 681 1868 733 Solem,

142 746 188 788 D
203 746 241 789 E
262 749 511 805 trajectoriae
530 765 667 802 axem,
690 751 735 793 D
750 751 786 794 F
805 752 958 794 lineam
977 752 1196 804 nodorum,
1216 753 1260 796 G
1275 753 1324 795 H
1343 754 1677 801 intersectionem
1692 753 1869 809 sphaerae

134 1555 248 1597 orbis
276 1555 419 1611 magni
448 1569 544 1595 cum
571 1554 698 1609 plano
718 1554 981 1610 trajectoriae,
1012 1555 1035 1597 I
1066 1554 1206 1597 locum
1229 1563 1403 1598 cometae
1423 1555 1535 1600 Nov.
1556 1563 1595 1601 4.
1618 1573 1712 1601 ann.
1738 1566 1864 1613 1680,

138 1627 182 1669 K
202 1627 343 1668 locum
359 1627 544 1682 ejusdem
565 1626 673 1668 Nov.
697 1632 715 1667 1
727 1632 764 1668 1.
787 1626 826 1668 L
845 1626 987 1668 locum
1007 1626 1118 1669 Nov.
1134 1633 1199 1669 19.
1223 1627 1276 1669 Μ
1295 1627 1434 1669 locum
1454 1629 1561 1671 Dec.
1581 1635 1646 1672 12.
1670 1631 1714 1672 Ν
1727 1631 1866 1674 locum

135 1698 242 1740 Dec.
265 1702 334 1738 21.
361 1697 403 1739 Ο
421 1697 561 1753 locum
581 1697 688 1739 Dec.
710 1702 780 1739 29.
811 1697 848 1739 Ρ
867 1697 1007 1738 locum
1026 1698 1119 1739 Jan.
1144 1704 1183 1740 5.
1206 1706 1389 1754 sequent.
1423 1699 1469 1749 Q
1494 1699 1635 1742 locum
1665 1702 1760 1743 Jan.
1792 1708 1862 1746 25.

138 1770 180 1812 R
199 1770 339 1812 locum
361 1770 460 1812 Feb.
484 1775 522 1813 5.
547 1771 577 1812 S
594 1770 735 1812 locum
757 1770 858 1811 Feb.
881 1774 950 1812 25.
979 1769 1022 1810 T
1041 1770 1180 1811 locum
1202 1770 1313 1812 Mar.
1338 1776 1377 1813 5.
1401 1779 1442 1812 et
1463 1772 1504 1809 V
1523 1771 1664 1814 locum
1686 1773 1797 1816 Mar.
1819 1781 1862 1824 9,

140 1840 465 1883 Observationes
485 1840 584 1882 vero
605 1848 823 1897 sequentes
843 1841 888 1881 in
908 1839 1040 1881 cauda
1062 1840 1299 1882 definienda
1320 1840 1504 1883 adhibui.

209 1913 319 1956 Nov.
344 1920 384 1956 4.
410 1922 452 1955 et
475 1920 524 1956 6:
545 1913 679 1955 cauda
706 1912 896 1954 nondum
926 1913 1129 1967 apparuit.
1175 1945 1181 1947 .
1211 1913 1320 1954 Nov.
1356 1919 1422 1955 11.
1455 1914 1589 1956 cauda
1609 1915 1699 1971 jam
1729 1925 1864 1972 coepta

139 2000 228 2026 non
266 1983 347 2027 nisi
385 1985 596 2026 semissem
633 1982 789 2040 gradus
838 1983 961 2024 unius
1004 1983 1131 2040 longa
1168 1984 1271 2025 tubo
1311 1983 1595 2040 decempedali
1643 1987 1731 2028 visa
1769 1987 1857 2030 fuit.

137 2060 247 2102 Nov.
287 2064 352 2105 17.
404 2059 537 2101 cauda
570 2057 724 2115 gradus
763 2057 952 2113 amplius-
982 2056 1219 2113 quindecim
1251 2057 1378 2115 longa
1411 2058 1620 2100 Ponthaeo
1653 2061 1859 2115 apparuit.

135 2131 245 2173 Nov.
271 2137 335 2173 18.
365 2131 499 2172 cauda
519 2135 616 2172 30⁶.
639 2129 780 2186 longa,
805 2128 975 2184 Solique
994 2127 1152 2169 directe
1173 2128 1366 2183 opposita
1386 2128 1430 2170 in
1452 2128 1574 2171 Nova
1597 2131 1751 2187 Angli&
1772 2145 1861 2172 cer-

136 2203 327 2253 uebatur,
350 2210 392 2244 et
409 2201 735 2257 protendebatur
755 2214 887 2256 usque
907 2199 962 2241 ad
981 2198 1142 2241 stellam
1165 2200 1215 2250 8,
1234 2215 1328 2255 quae
1347 2208 1447 2243 tunc
1467 2211 1554 2243 erat
1573 2202 1616 2242 in
1630 2209 1676 2245 “R
1691 2208 1759 2245 9⁸³.
1779 2204 1860 2249 54',

136 2272 245 2315 Nov.
289 2279 354 2316 19.
403 2272 448 2313 in
498 2270 724 2328 Maryland
763 2270 897 2312 cauda
935 2269 1022 2311 visa
1060 2269 1138 2311 fuit
1185 2268 1340 2327 gradus
1382 2276 1447 2313 15.
1489 2271 1554 2313 vel
1598 2277 1666 2314 20.
1718 2273 1857 2331 longa.

136 2345 242 2388 Dec.
268 2351 333 2387 10.
363 2343 497 2387 cauda
527 2343 789 2399 (observante
810 2341 1082 2393 Flamstedio)
1114 2341 1318 2384 transibat
1345 2355 1422 2396 per
1441 2342 1626 2384 medium
1652 2344 1860 2393 distantiae

134 2415 242 2457 inter
258 2415 432 2456 caudam
450 2414 662 2469 Serpentis
676 2411 890 2468 Ophiuchi
906 2419 948 2454 et
970 2411 1131 2454 stellam
1151 2415 1170 2451 ὃ
1189 2412 1233 2452 in
1246 2412 1414 2468 Aquilae
1434 2414 1603 2455 australi
1622 2414 1700 2467 ala,
1725 2424 1766 2458 et
1786 2416 1858 2458 de·-

137 2488 297 2530 sinebat
315 2503 448 2544 prope
468 2487 605 2530 stellas
625 2487 679 2538 A,
702 2503 739 2538 ω,
761 2486 790 2527 b
809 2486 855 2527 in
874 2485 1025 2527 tabulis
1057 2484 1225 2541 Bayeri.
1287 2485 1513 2527 Terminus
1541 2487 1670 2543 igitur
1698 2496 1787 2529 erat
1814 2489 1858 2529 in

133 2563 179 2602 103
213 2562 337 2613 19323‘.
369 2574 465 2601 cum
492 2557 719 2600 latitudine
737 2556 896 2598 boreali
925 2556 1101 2598 circiter.
1173 2556 1279 2599 Dec.
1318 2561 1384 2598 11.
1416 2556 1550 2600 cauda
1579 2558 1775 2614 surgebat
1804 2559 1859 2601 ad

135 2646 267 2687 usque
287 2639 412 2687 caput
433 2630 604 2688 Sagittae
620 2629 804 2685 (Bayero
817 2646 856 2680 α,
877 2629 938 2681 β,)
961 2628 1153 2670 desinens
1174 2628 1219 2670 in
1237 2632 1281 2672 k?
1304 2633 1401 2671 26⁸².
1422 2631 1504 2676 43'.
1526 2644 1622 2672 cum
1641 2631 1859 2675 latitudine

138 2702 297 2756 boreali
328 2707 425 2744 38⁸¹.
458 2703 537 2743 34'.
597 2700 704 2743 Dec.
739 2705 804 2741 12.
848 2699 981 2741 cauda
1008 2699 1212 2743 transibat
1242 2714 1319 2756 per
1347 2700 1542 2749 medium
1564 2702 1749 2758 Sagittae,
1780 2718 1859 2748 nec

135 2773 262 2831 longe
282 2773 391 2815 ultra
409 2773 748 2828 protendebatur,
771 2771 964 2815 desinens
984 2771 1028 2813 in
1042 2779 1087 2808 x...-
1104 2777 1175 2828 423¹.
1197 2787 1292 2815 cum
1311 2773 1528 2815 latitudine
1546 2774 1705 2816 boreali
1725 2778 1856 2830 423³.

136 2842 309 2886 circiter.
360 2843 636 2901 Intelligenda
656 2850 752 2885 sunt
769 2842 862 2884 haec
883 2843 936 2885 de
955 2843 1216 2900 longitudine
1236 2844 1380 2886 caudae
1392 2844 1589 2898 clarioris.
1634 2845 1746 2887 Nam
1765 2847 1858 2890 luce

137 2918 391 2967 obscuriore,
426 2917 472 2957 in
505 2917 611 2959 coelo
627 2917 782 2962 ,forsan
814 2917 947 2974 magis
979 2932 1138 2968 sereno,
1173 2919 1307 2961 cauda
1341 2919 1448 2961 Dec.
1480 2925 1545 2960 12.
1576 2919 1682 2962 hora
1713 2927 1752 2964 5.
1775 2924 1857 2966 40‘.

141 2991 292 3033 Romae
313 2990 572 3046 (observante
594 2989 815 3042 Ponthaeo)
847 3003 972 3044 supra
1000 2989 1139 3046 Cygni
1159 2990 1410 3047 uropygium
1430 2991 1482 3032 ad
1502 2991 1659 3048 gradus
1683 2998 1749 3035 lo.
1770 3009 1860 3035 sese

138 3063 312 3113 extulit3
343 3069 467 3118 atque
497 3062 549 3102 ab
576 3061 656 3103 hac
685 3061 804 3105 stella
835 3063 922 3117 ejus
951 3062 1058 3103 latus
1087 3062 1142 3103 ad
1171 3069 1363 3104 occasum
1393 3071 1435 3105 et
1462 3063 1632 3106 boream
1659 3065 1758 3107 min.
1790 3072 1858 3108 45.

138 3134 306 3176 destitit.
367 3132 475 3175 Lata
504 3139 643 3174 autem
676 3141 765 3175 erat
799 3131 931 3175 cauda
960 3132 1026 3173 his
1058 3132 1205 3176 diebus
1235 3134 1391 3190 gradus
1421 3141 1461 3177 3.
1486 3136 1609 3191 juxta
1639 3139 1860 3181 terminum

956 3203 996 3234 M
1015 3207 1036 3235 2
