2072 3522
203 237 352 279 Luam
372 234 610 284 Tam-ms]
671 233 991 276 PRINCIPIA
1023 233 1514 276 MATHEMATICA.

204 350 245 380 ab
258 348 314 379 illo
327 346 495 383 discedens,
520 347 565 378 ito
577 352 614 377 ut
628 346 695 387 ejus
719 351 823 378 motus
837 347 951 377 assumi
966 356 1035 386 pos-

203 391 245 422 sit
257 390 344 431 quasi
358 390 444 420 lieret
457 390 492 419 in
505 399 544 420 eo
558 388 682 420 circulo.

250 433 333 464 Nam
348 432 484 473 fingatur
507 442 577 461 eam
601 431 664 461 vim
689 437 865 462 extraneam
886 442 948 462 non
970 442 1036 462 esse

205 481 405 511 constantem,
421 473 475 504 sed
489 473 583 504 talem
597 480 643 510 ut,
665 479 735 513 post
747 473 915 504 discessum
929 473 1043 513 corpo:

204 517 248 548 ris
263 517 292 548 P
304 527 323 547 a
337 516 452 546 circulo
471 516 501 546 A
520 517 552 546 D
571 517 599 547 B
619 517 644 547 C
659 522 782 555 propter
795 516 862 557 ejus
876 516 922 546 vis
935 523 1034 547 extra-

205 569 273 589 neae
286 558 447 594 actionem,
464 558 622 588 residuum
634 559 679 588 vis
689 568 783 599 quam
795 565 916 589 exercet
926 569 1037 597 eorpus

207 601 238 632 T
250 601 285 631 in
299 599 444 631 distantia
458 600 498 631 ad
512 611 604 640 quam
620 601 683 631 abit
696 610 807 639 corpus
835 601 863 631 P
888 600 1038 643 (detracta

204 642 244 674 ea
267 643 298 674 vi
323 643 481 682 extranea)
508 643 548 673 sit
570 653 690 682 semper
704 642 822 674 inverse
837 650 874 673 ut
888 644 959 674 cubi
974 643 1036 674 dis-

203 685 369 716 tantiarum
405 685 524 716 eveniet
548 691 584 715 ut
607 687 677 726 (per
694 685 787 724 Prop.
809 686 874 716 IX.
903 686 972 716 Lib.
1003 686 1033 717 1.

206 723 359 768 Princip·)
370 707 494 767 ³corpus
518 728 543 757 P
566 727 708 766 spiralem
724 728 969 768 logan'thm3cam
983 728 1037 759 de-

203 770 323 807 scribat,
340 771 373 800 in
388 770 599 810 quassangulus
609 780 712 800 curvae
726 780 799 800 cum
813 771 899 801 radio
913 770 952 800 ad
966 781 1036 801 cur-

202 822 275 844 vam
288 813 383 843 ducto
397 822 517 851 semper
530 820 635 842 manet
649 812 751 848 idem3
766 811 872 842 verum
888 813 1035 853 quoniam

201 857 241 886 ab
262 854 351 885 initio
375 855 421 885 via
445 854 500 885 illa
524 861 668 884 extranea
681 854 742 884 fuit
763 861 914 891 constans,
942 856 1038 896 liquet

200 897 285 938 quod
300 897 478 938 priusquam
493 907 604 936 corpus
621 897 649 927 P
663 896 814 926 circulum
831 907 850 927 a
864 897 885 926 d
899 899 920 927 b
935 907 952 927 c
966 898 1036 929 atti-

199 941 290 981 gerit,
302 950 340 970 ea
348 939 394 969 vis·
401 939 472 980 plus
482 939 684 969 imminuebat
692 938 754 968 vim
765 939 930 969 centralem
941 940 1036 980 quam

202 989 240 1015 ut
253 982 409 1013 decrescat
427 980 601 1012 secundum
615 982 710 1011 cubos
724 980 940 1012 distantiarum
961 992 1035 1012 auc-

200 1030 314 1060 tarum,
331 1022 463 1065 ideoque
473 1023 558 1064 quod
567 1023 675 1064 anguli
690 1033 793 1053 curvae
807 1033 881 1053 cum
895 1024 981 1054 radio
995 1025 1036 1055 ad

201 1076 328 1097 curvam
350 1065 446 1096 ducto
469 1075 589 1105 semper
613 1075 748 1095 crescere
773 1065 955 1102 debuerunt,
981 1067 1035 1097 sed

199 1108 393 1139 incremento
406 1115 556 1148 perpetuo
577 1106 698 1137 minore
710 1117 775 1147 quo
796 1108 897 1150 magis
917 1109 1037 1140 accedit

200 1150 315 1192 virium
324 1150 566 1183 deme-centium
574 1149 654 1182 ratio
668 1149 708 1189 ἢ
721 1150 871 1181 rationem
881 1151 1035 1183 inversam

197 2089 269 2120 cubi
289 2089 519 2128 distantiarum;
541 2090 700 2129 perveniet
713 2101 788 2131 ergo
809 2101 920 2130 corpus
945 2092 973 2122 P
993 2091 1034 2122 ad

197 2131 350 2163 circulum
375 2142 394 2162 a
407 2132 428 2162 d
441 2134 464 2163 b
478 2142 505 2167 c,
529 2139 561 2162 et
583 2132 719 2172 angulus
732 2143 834 2163 curvae
848 2144 920 2164 cum
935 2134 1032 2172 radio,

196 2174 321 2214 quando
332 2174 361 2205 P
371 2174 428 2205 erit
442 2175 476 2204 in
490 2174 606 2204 circulo
619 2185 638 2204 a
652 2174 673 2204 d
687 2176 709 2205 b
723 2185 749 2211 c,
765 2175 824 2204 erit
832 2182 914 2206 recto
923 2176 1030 2216 major,

195 2216 270 2256 quia
280 2226 400 2256 semper
411 2217 506 2247 crevit
520 2216 547 2246 is
560 2216 696 2256 angulus
711 2227 729 2246 a
743 2223 881 2256 tempore
889 2227 952 2257 quo
965 2228 1033 2247 cor-

195 2267 255 2297 pus
278 2259 307 2289 P
328 2259 482 2289 circulum
506 2259 537 2289 A
557 2259 591 2289 D
610 2259 638 2290 B
657 2259 683 2290 C
706 2259 895 2290 describebat
916 2260 949 2289 in
969 2270 1033 2300 quo

195 2301 331 2341 angulus
345 2301 423 2331 radii
434 2311 507 2331 cum
521 2300 616 2331 curva
627 2306 729 2331 rectus
743 2307 806 2338 est;
822 2301 892 2331 ideo
910 2302 938 2332 P
953 2302 1034 2332 ultra

195 2342 347 2374 circulum
372 2354 392 2373 a
415 2343 438 2373 d
461 2345 482 2373 b
505 2353 523 2374 c
545 2350 673 2384 perget;
697 2343 770 2374 cum
786 2350 890 2374 autem
908 2345 937 2374 P
953 2345 1034 2375 ultra

195 2384 349 2416 circulum
369 2396 388 2416 a
410 2385 431 2415 d
451 2388 473 2416 b
494 2395 512 2416 c
533 2385 713 2425 pervenerit,
731 2386 878 2416 detractio
892 2387 937 2416 vis
958 2397 1031 2417 con-

195 2428 302 2458 stantis
328 2427 391 2457 vim
414 2428 582 2458 centralem
605 2428 712 2458 minus
732 2429 854 2458 minuet
868 2428 962 2469 quam
985 2440 1033 2459 se-

195 2469 335 2500 cundum
363 2471 480 2500 cubum
508 2470 720 2500 distantiamm
732 2483 743 2508 ς
765 2471 870 2512 itaque
898 2472 1034 2512 angulus

196 2521 300 2542 curvae
313 2522 385 2542 cum
397 2512 484 2542 radio
492 2513 595 2542 minor
606 2512 659 2542 fiet
669 2512 764 2553 quam
778 2513 803 2543 si
820 2514 1033 2554 logarithmica

195 2554 314 2592 spiralis
336 2554 566 2590 describeretur,
595 2562 626 2584 et
649 2555 776 2586 tandem
799 2556 964 2586 reducetur
992 2557 1032 2587 ad

194 2597 348 2637 angulum
361 2603 482 2628 rectum
497 2597 579 2627 ultra
593 2596 746 2627 circulum
769 2607 788 2627 a
813 2598 834 2628 d
860 2600 879 2628 b
903 2609 930 2635 c,
958 2599 1034 2629 inde

195 2638 267 2669 vero
290 2649 383 2669 curva
403 2649 477 2670 cum
501 2639 588 2669 radio
602 2639 695 2669 faciet
718 2640 871 2680 angulum
892 2647 1030 2678 acutum,

196 2690 269 2710 nam
283 2681 329 2711 vis
343 2681 487 2712 centralis
498 2681 562 2712 illic
573 2683 671 2722 major
683 2688 728 2711 est
738 2682 831 2722 quam
846 2690 883 2714 ut
897 2684 1032 2714 circulus

196 2721 324 2753 desa-ibi
335 2723 439 2762 possit,
451 2724 536 2764 quod
547 2725 591 2754 sic
605 2724 807 2754 demonstrari
819 2731 937 2763 potest;
953 2736 1031 2756 areae

196 2764 365 2804 aequalibus
378 2766 568 2805 temporibus
579 2766 738 2805 descriptae
747 2767 879 2798 durante
893 2774 957 2798 toto
971 2769 1031 2798 hoc

196 2808 331 2846 corporis
354 2807 383 2838 P
404 2814 493 2838 motu
507 2815 582 2839 sunt
596 2810 711 2849 ubique
725 2810 868 2850 aequales,
884 2811 1030 2850 quoniam

194 2849 275 2879 vires
299 2849 339 2880 ad
361 2855 502 2880 centrum
527 2851 556 2882 T
579 2858 754 2882 constanter
775 2852 952 2892 diriguntur
979 2854 1030 2893 (ex

198 2892 306 2931 Hyp.)
322 2890 454 2933 ideoque
467 2893 501 2923 in
515 2903 553 2923 eo
566 2894 732 2925 locoultra
746 2894 898 2924 circulum
912 2906 931 2925 a
945 2894 966 2925 d
979 2896 1000 2925 b
1014 2905 1032 2926 c

195 2934 230 2964 in
244 2945 307 2974 quo
321 2937 456 2974 angulus
469 2945 571 2965 curvae
585 2946 658 2966 cum
667 2936 753 2967 radio
766 2937 803 2967 fit
817 2944 927 2972 rectus,
944 2947 1033 2968 arcus

196 2976 270 3008 dato
284 2983 422 3016 tempore
436 2976 606 3016 descriptus
619 2979 699 3009 foret
712 2980 778 3018 ipsa
791 2979 871 3009 basis
885 2990 964 3010 areae
979 2980 1032 3009 de-

197 3020 318 3059 scriptae
339 3019 429 3060 cujus
443 3018 574 3049 altitudo
594 3026 641 3051 est
660 3021 807 3052 distantia
820 3032 840 3052 a
853 3028 958 3052 centro
978 3032 1033 3052 seu

196 3062 262 3100 ipse
275 3061 389 3098 radius,
412 3066 444 3091 et
464 3060 492 3091 is
511 3071 601 3092 arcus
614 3062 704 3094 debet
725 3074 790 3094 esse
804 3064 843 3094 ad
858 3074 964 3094 arcum
979 3064 1033 3104 qu'i

198 3104 307 3135 eodem
322 3110 460 3143 tempore
480 3103 651 3143 descriptus
663 3105 773 3137 fuisset
786 3117 806 3137 a
820 3117 945 3146 corpore
968 3107 993 3136 P
1008 3106 1033 3136 si

1858 243 1911 280 65

1075 346 1241 378 incirculo
1257 348 1288 377 A
1303 347 1336 377 D
1351 347 1380 377 Β
1396 347 1422 378 C
1437 347 1552 377 moveri
1567 355 1793 387 perseverasset,
1810 349 1911 380 nulla-

1075 399 1138 430 que
1161 390 1208 419 vis
1229 395 1373 419 exn-anea
1401 390 1574 420 accessisset
1602 389 1722 421 inverse
1751 397 1787 421 ut
1811 392 1887 422 radii
1900 405 1911 430 ;

1075 432 1195 472 sagittae
1210 438 1315 462 autem
1335 441 1444 462 eorum
1459 442 1588 462 arcuum
1604 434 1688 473 (quae
1704 440 1778 463 sunt
1792 441 1912 472 semper

1074 481 1111 504 ut
1139 474 1288 514 quadrata
1310 484 1439 504 arcuum
1465 474 1562 504 divisa
1586 485 1640 512 per
1665 475 1780 515 radios)
1810 476 1911 507 forent

1076 516 1194 546 inverse
1210 525 1245 546 ut
1259 517 1331 547 cubi
1353 516 1519 553 radiorum,
1544 517 1597 546 sed
1613 517 1658 546 vis
1672 518 1815 549 centralis
1830 520 1911 549 ultra

1076 559 1228 589 circulum
1250 569 1269 588 a
1283 559 1304 589 d
1319 561 1339 588 b
1353 569 1380 593 c,
1403 559 1508 589 minus
1523 558 1669 590 decrescit
1682 559 1777 600 quam
1800 571 1910 591 secun-

1077 601 1154 631 dum
1183 603 1299 631 cubum
1326 600 1550 635 distantiarum,
1581 612 1655 641 ergo
1684 603 1795 642 sagitta
1821 603 1910 634 arcsts

1075 643 1217 682 descripti
1229 654 1298 683 quae
1313 650 1359 673 est
1369 644 1436 684 ejus
1450 644 1495 673 vis
1508 645 1651 674 centralis
1660 644 1796 682 effectus,
1812 648 1911 688 major

1075 693 1121 716 est
1141 685 1253 726 sagitta
1266 696 1337 726 quae
1358 686 1437 716 foret
1450 685 1622 717 secundeum
1645 687 1794 717 rationem
1810 688 1907 719 inver-

1075 738 1141 759 sam
1161 730 1234 759 cubi
1248 728 1469 763 distantiarum,
1494 738 1568 769 ergo
1582 739 1619 759 ea
1633 729 1743 770 sagitta
1764 741 1834 770 quae
1856 742 1910 770 per

1075 771 1137 801 vim
1159 771 1325 801 centralem
1350 770 1540 810 producitur,
1565 771 1666 812 major
1691 779 1735 801 est
1760 772 1814 802 illa
1838 784 1909 813 quae

1074 813 1264 844 obtineretur
1284 814 1310 844 si
1331 813 1465 843 circulus
1478 813 1512 842 in
1527 823 1565 843 eo
1579 813 1649 843 loco
1670 814 1889 846 describeretur
1897 829 1907 855 ;

1074 866 1150 897 ergo
1164 866 1275 895 corpus
1299 856 1327 886 P
1347 866 1366 886 a
1388 862 1534 896 tangente
1547 856 1647 897 magis
1661 856 1789 888 discedit
1806 868 1910 888 versus

1074 905 1215 929 oentrum
1229 897 1323 939 quam
1337 898 1363 928 si
1377 898 1528 929 circulum
1543 898 1735 936 describeret,
1756 910 1830 940 ergo
1844 901 1910 941 ejus

1074 940 1124 971 via
1148 941 1275 972 acutum
1289 941 1442 981 angulum
1457 950 1531 971 cum
1545 940 1633 971 radio
1656 942 1777 972 efficere
1790 943 1908 982 incipit,

1074 983 1178 1023 sicque
1192 983 1309 1014 accedit
1319 984 1431 1013 iterum
1446 983 1487 1013 ad
1498 983 1650 1013 circulum
1664 995 1683 1014 a
1693 984 1715 1014 d
1724 985 1744 1014 b
1756 995 1773 1015 c
1787 986 1910 1026 angulis

1074 1035 1177 1055 curvae
1191 1036 1263 1056 cum
1286 1025 1371 1056 radio
1386 1032 1534 1065 perpetuo
1549 1025 1813 1065 decrescentibus3
1836 1027 1909 1058 cum

1074 1074 1179 1098 autem
1204 1068 1286 1098 infra
1311 1078 1384 1098 eum
1409 1068 1560 1098 circulum
1583 1069 1753 1100 transiverit
1775 1072 1911 1111 angulus

1074 1120 1168 1150 quem
1190 1110 1265 1141 facit
1289 1121 1384 1141 curva
1407 1120 1480 1140 cum
1503 1111 1598 1144 radio,
1628 1111 1741 1142 iterum
1767 1119 1909 1153 augetur,

1074 1153 1173 1184 donec
1198 1153 1225 1183 is
1249 1153 1384 1194 angulus
1406 1160 1508 1183 rectus
1522 1153 1638 1190 evadat,
1664 1154 1737 1184 iude
1764 1155 1836 1186 vero
1858 1157 1911 1186 fiet

1074 1197 1203 1226 obtusus
1213 1196 1286 1235 quia
1299 1196 1344 1225 vis
1358 1195 1501 1226 centralis
1515 1196 1579 1226 illic
1591 1197 1691 1226 minor
1706 1203 1751 1227 est
1764 1197 1858 1237 quam
1874 1204 1912 1229 ut

1075 1248 1186 1278 corpus
1210 1239 1238 1268 P
1259 1239 1291 1267 in
1313 1238 1430 1269 circulo
1451 1238 1566 1268 moveri
1587 1245 1713 1279 pergat;
1737 1240 1815 1275 redit
1837 1251 1911 1281 ergo

1075 1290 1186 1319 corpus
1204 1281 1232 1310 P
1245 1290 1351 1311 versus
1361 1279 1513 1310 circulum
1524 1291 1543 1310 a
1557 1280 1578 1310 d
1593 1284 1612 1310 b
1627 1291 1645 1311 c
1658 1280 1752 1321 idque
1762 1282 1912 1321 perpetua

1074 1323 1273 1360 oscillatione,
1296 1329 1333 1354 ut
1350 1323 1448 1362 liquet
1462 1333 1500 1352 ex
1515 1323 1679 1353 collatione
1699 1324 1803 1355 motus
1816 1335 1910 1365 quern

1075 1366 1201 1395 haberet
1223 1366 1256 1395 in
1281 1363 1495 1406 logarithmica
1509 1363 1612 1404 spirali
1637 1375 1711 1396 cum
1725 1367 1783 1396 hoc
1798 1374 1906 1399 motu:

1075 1407 1129 1437 sed
1143 1407 1206 1448 quo
1219 1408 1323 1438 minor
1343 1413 1390 1437 est
1414 1407 1460 1437 vis
1473 1407 1528 1437 illa
1542 1408 1613 1438 data
1626 1418 1697 1448 quae
1720 1418 1759 1438 ex
1782 1410 1910 1440 centrali

1075 1449 1254 1487 detrahitur,
1277 1449 1315 1481 eo
1329 1449 1393 1479 illae
1406 1449 1534 1480 alternae
1548 1450 1754 1480 oscillationes
1767 1452 1872 1482 minus
1892 1463 1912 1482 a

1075 1492 1191 1523 circulo
1211 1503 1230 1522 a
1244 1492 1264 1523 d
1279 1494 1301 1523 b
1315 1502 1332 1523 c
1354 1491 1507 1530 recedent,
1531 1502 1626 1533 quare
1641 1492 1666 1521 si
1682 1493 1727 1522 vis
1748 1503 1784 1523 ea
1798 1494 1912 1535 exigua

1074 1541 1266 1574 supponatur
1293 1541 1434 1574 respectu
1463 1535 1507 1564 vis
1535 1534 1676 1565 centralis
1705 1536 1840 1574 corporis
1870 1537 1909 1574 T,

1075 1578 1208 1617 supponi
1224 1578 1315 1608 etiam
1330 1583 1430 1616 potest
1444 1583 1566 1607 motum
1587 1576 1721 1617 corporis
1745 1578 1774 1608 P
1796 1579 1829 1608 in
1850 1579 1911 1610 cir-

1075 1619 1360 1650 culoadbcfiet.
1411 1619 1548 1655 Q.e.d.
1685 1627 1701 1639 ⁸

1120 1665 1187 1695 Cor.
1208 1666 1234 1693 l.
1284 1663 1317 1693 Si
1339 1661 1384 1698 vis
1399 1662 1454 1692 illa
1468 1670 1611 1692 extranea
1632 1668 1664 1692 et
1684 1669 1827 1694 constans
1843 1675 1911 1703 per.

1074 1711 1171 1745 petuo
1184 1706 1317 1736 traheret
1330 1714 1442 1744 corpus
1458 1705 1487 1734 P
1502 1715 1607 1735 versus
1630 1705 1669 1741 T,
1692 1706 1801 1736 iisdem
1817 1717 1911 1748 argu-

1074 1748 1188 1778 mentis
1210 1747 1388 1778 ostendetur
1410 1747 1495 1787 quod
1516 1747 1543 1777 si
1566 1746 1756 1778 describatur
1776 1748 1911 1780 circulus

1074 1790 1202 1821 interior
1215 1805 1235 1820 a
1250 1789 1266 1820 δ
1280 1794 1300 1827 β
1316 1804 1345 1826 n,
1368 1789 1402 1819 in
1423 1790 1478 1820 tali
1493 1788 1638 1819 distantia
1652 1799 1670 1819 a
1685 1797 1790 1821 centro
1814 1792 1852 1827 T,
1875 1800 1912 1822 ut

1074 1833 1120 1863 vis
1133 1834 1269 1872 corporis
1291 1832 1322 1863 T
1342 1831 1382 1862 ad
1396 1842 1465 1862 eam
1480 1832 1654 1862 distantiam
1674 1839 1765 1863 aucta
1778 1844 1834 1873 per
1848 1834 1910 1865 vim

1074 1875 1161 1906 illam
1176 1882 1352 1906 extraneam
1367 1875 1407 1905 sit
1421 1875 1459 1905 ad
1475 1875 1537 1904 vim
1552 1875 1586 1904 in
1601 1875 1717 1905 circulo
1735 1877 1765 1906 A
1785 1876 1818 1906 D
1835 1877 1864 1907 B
1883 1877 1909 1907 C

1075 1918 1194 1948 inverse
1208 1926 1246 1949 ut
1259 1919 1331 1948 cubi
1345 1917 1502 1947 radiorum
1518 1917 1706 1947 circulorum
1724 1918 1754 1948 A
1773 1919 1807 1950 D
1824 1919 1852 1948 B
1872 1920 1909 1958 C,

1075 1974 1095 1991 a
1110 1959 1126 1991 δ
1140 1964 1160 1996 β
1176 1975 1206 1997 x,
1229 1971 1341 2000 corpus
1361 1961 1386 1990 P
1400 1960 1472 1990 hinc
1486 1959 1560 1990 iude
1574 1960 1618 1990 cis
1632 1960 1744 1991 citrave
1759 1961 1911 1992 circulum

1075 2016 1096 2033 a
1111 2002 1126 2034 δ
1140 2007 1160 2038 β
1176 2018 1195 2034 κ
1210 2003 1375 2038 oscillatur,
1392 2009 1423 2033 et
1436 2003 1462 2032 si
1477 2012 1514 2032 ea
1528 2002 1573 2033 vis
1584 2010 1727 2034 extranea
1739 2005 1778 2034 sit
1787 2006 1910 2044 exigua,

1073 2046 1190 2076 censeri
1204 2052 1304 2085 potest
1325 2046 1409 2086 quod
1423 2055 1534 2085 eorpus
1559 2046 1587 2076 P
1607 2047 1641 2076 in
1655 2056 1694 2076 eo
1708 2047 1775 2086 ipso
1796 2047 1912 2077 circulo

1074 2102 1094 2118 a
1109 2087 1124 2118 δ
1136 2092 1158 2125 β
1173 2102 1192 2119 n
1207 2089 1388 2120 movebitur.

1119 2134 1184 2162 Cor.
1205 2135 1233 2160 2.
1283 2131 1328 2161 Et
1349 2132 1374 2161 si
1397 2131 1442 2161 vis
1456 2130 1511 2161 illa
1524 2136 1669 2161 extranea
1683 2138 1826 2162 constans
1847 2142 1911 2162 non

1075 2173 1163 2213 soret,
1176 2174 1229 2203 sed
1241 2180 1387 2204 cresceret
1397 2173 1571 2204 secundum
1583 2174 1719 2213 aliquam
1729 2174 1911 2214 dignitatem

1074 2215 1235 2254 positivam
1249 2216 1474 2251 distantiarum,
1490 2215 1598 2244 iisdem
1608 2216 1736 2246 omnino
1746 2216 1912 2247 ratiociniis

1076 2257 1196 2287 ostendi
1211 2264 1312 2295 posset
1326 2257 1409 2297 quod
1424 2266 1537 2296 corpus
1553 2257 1582 2287 P
1603 2257 1636 2286 in
1652 2258 1768 2288 circulo
1788 2269 1808 2288 a
1821 2258 1843 2288 d
1857 2260 1878 2289 b
1892 2270 1910 2289 c

1074 2300 1123 2334 vel
1147 2313 1167 2329 ω
1198 2297 1214 2330 δ
1227 2303 1249 2336 β
1276 2313 1296 2329 2
1319 2299 1501 2334 movebitur,
1529 2299 1648 2329 eveniet
1662 2300 1860 2331 solummodo
1875 2308 1912 2332 ut

1074 2341 1179 2371 radius
1203 2342 1232 2372 T
1257 2352 1278 2380 p
1304 2341 1434 2380 paulum
1449 2341 1586 2371 diversus
1600 2342 1682 2372 sumi
1697 2342 1806 2373 debeat
1819 2345 1859 2374 ab
1873 2354 1911 2374 eo

1075 2384 1128 2424 qui
1142 2384 1330 2414 inveniretur
1346 2384 1371 2413 si
1391 2384 1436 2413 vis
1451 2393 1488 2413 ea
1502 2389 1647 2414 extranea
1661 2391 1805 2415 constans
1818 2386 1906 2416 foret.

1118 2428 1214 2458 Schol.
1264 2426 1346 2456 Aliis
1359 2426 1511 2456 methodis
1532 2426 1676 2457 effectum
1691 2427 1777 2458 illius
1791 2429 1836 2458 vis
1857 2438 1911 2458 ex-

1075 2475 1190 2500 traneae
1205 2468 1246 2499 ad
1260 2468 1396 2499 calculos
1409 2468 1545 2499 revocari
1559 2479 1647 2508 posse
1661 2479 1724 2500 non
1747 2480 1909 2511 negamus,

1075 2519 1106 2542 et
1120 2512 1246 2552 quidem
1266 2521 1361 2542 unam
1375 2517 1430 2541 aut
1444 2510 1571 2541 alteram
1586 2511 1769 2542 methodum
1790 2514 1830 2543 ab
1850 2511 1911 2543 hac

1075 2554 1227 2585 diversam
1242 2553 1387 2584 eumdem
1400 2552 1434 2583 in
1448 2553 1544 2584 finem
1564 2553 1598 2584 in
1619 2555 1818 2595 sequentibus
1838 2564 1909 2595 pro-

1074 2607 1236 2636 ponemus.

1361 2724 1544 2756 THEOR.
1570 2725 1620 2755 11.

1121 2810 1234 2847 Positis
1248 2810 1285 2840 iis
1299 2820 1369 2850 quae
1392 2810 1426 2839 in
1449 2809 1549 2848 primo
1573 2809 1776 2840 Theon-emate
1797 2820 1910 2850 suppo-

1076 2859 1204 2888 nuntur,
1221 2853 1340 2883 dicatur
1363 2862 1378 2881 r
1398 2851 1504 2882 radius
1518 2851 1626 2882 circuli
1643 2853 1674 2883 A
1693 2852 1726 2882 D
1742 2853 1772 2883 B
1790 2853 1827 2889 C,
1843 2853 1882 2883 sit
1897 2868 1911 2897 g

1075 2891 1180 2925 radius
1190 2895 1297 2925 circuli
1312 2905 1330 2924 a
1344 2895 1364 2924 d
1379 2896 1399 2924 b
1414 2905 1440 2930 c,
1458 2894 1506 2924 vel
1521 2908 1541 2924 a
1556 2894 1571 2924 δ
1585 2898 1606 2930 β
1622 2908 1651 2931 κ,
1667 2894 1706 2925 sit
1719 2905 1740 2934 p
1754 2895 1911 2926 radiorum

1075 2947 1093 2966 r
1113 2946 1143 2967 et
1165 2951 1180 2980 e
1204 2937 1396 2974 differentia;
1421 2937 1465 2966 vis
1487 2937 1622 2977 corporis
1638 2937 1668 2967 T
1682 2937 1715 2967 in
1730 2937 1875 2968 distantia
1897 2948 1912 2967 r

1076 2979 1198 3010 dicatur
1214 2980 1244 3010 V
1259 2986 1290 3010 et
1304 2980 1336 3009 in
1352 2979 1459 3009 eadem
1475 2978 1619 3009 distantia
1641 2979 1686 3009 vis
1706 2987 1850 3010 extranea
1865 2980 1912 3010 di-

1076 3027 1164 3052 catur
1181 3022 1210 3053 Y
1224 3033 1295 3062 quae
1310 3027 1424 3052 crescat
1446 3027 1482 3051 ut
1502 3021 1655 3052 distantiae
1676 3033 1695 3052 a
1715 3030 1821 3053 centro
1838 3023 1868 3053 T
1882 3029 1913 3053 et

1077 3074 1147 3104 quae
1162 3065 1290 3104 positiva
1312 3069 1470 3094 censeatur
1493 3064 1517 3093 si
1543 3064 1690 3095 distrahat
1703 3075 1814 3104 corpus
1841 3065 1869 3095 P
1895 3077 1913 3095 a

1079 3115 1194 3144 centro,
1209 3107 1350 3147 negativa
1362 3105 1433 3137 vero
1443 3106 1468 3136 si
1485 3106 1563 3137 illud
1574 3108 1704 3138 attrahat
1713 3108 1750 3138 ad
1761 3114 1912 3144 centrum,

1018 3165 1093 3194 E4
