2072 3522
222 253 307 291 154

623 246 1077 310 PHILOSOPHIAE
1107 245 1470 289 NATURALIS
1519 245 1615 298 [Dm
1630 244 1793 286 Mum).
1809 243 1933 287 st'r.

220 362 398 419 ideoque
426 362 506 417 ipsi
538 361 590 404 M
612 361 655 404 N
683 362 853 420 aequalis
879 360 1017 412 fuerit,
1044 361 1080 403 si
1105 359 1233 403 modo
1261 359 1300 403 B
1329 359 1383 402 sit
1406 373 1529 402 verns
1547 366 1721 402 cometae
1746 359 1862 402 locus
1891 357 1937 400 in

220 434 348 490 plano
368 433 582 488 eclipticae.

283 506 494 548 Caeterum
521 513 678 561 puncta
708 505 760 555 B,
789 505 832 555 b,
862 505 890 553 β
919 518 1005 545 non
1034 503 1242 560 quaelibet,
1273 503 1346 545 sed
1372 517 1471 546 vero
1488 502 1680 558 proxima
1709 504 1762 559 (5)
1783 502 1936 558 eligere
1975 554 1985 564 ·

220 576 424 619 convenit.

487 575 533 618 Si
559 574 733 632 angulus
764 574 806 616 A
828 574 871 624 Q
890 581 920 624 t,
948 574 993 615 in
1019 589 1103 631 quo
1129 573 1348 631 vestigium
1377 573 1489 615 orbis
1513 573 1557 614 in
1581 573 1708 628 plano
1734 572 1935 627 eclipticae

221 649 475 705 descriptum
504 658 615 692 secat
642 656 798 691 rectam
827 657 845 691 t
875 649 926 700 B,
959 656 1112 704 praeter
1140 656 1312 703 propter
1339 647 1592 695 innotescat3
1622 645 1667 686 in
1691 645 1844 702 angulo
1863 644 1934 685 illo

220 721 412 763 ducenda
431 721 509 763 erit
527 729 642 763 recta
661 720 824 763 occulta
853 720 895 762 A
918 720 969 771 C,
999 734 1093 775 quae
1114 719 1167 761 sit
1185 718 1238 760 ad
1258 719 1285 773 ἓν
1306 718 1348 760 Τ
1367 735 1389 757 τ
1407 715 1451 759 in
1472 715 1757 772 subduplicatfi
1778 715 1956 757 ratione'

224 793 255 835 S
276 792 320 842 Q
339 791 393 834 ad
418 792 448 834 S
467 799 498 834 t.
560 792 617 834 Et
646 791 809 853 agendo
838 798 994 833 rectam
1017 791 1047 833 S
1069 790 1108 832 E
1130 790 1181 842 B,
1203 790 1319 846 cujus
1339 802 1436 845 pars
1467 788 1506 831 E
1528 787 1566 830 B
1585 794 1772 844 aequetur
1799 785 1936 843 longi-

216 928 430 964 quotcumque
453 924 480 956 C
497 924 544 959 M,
567 929 683 955 rectam
700 924 733 961 Q
749 924 778 955 B
800 928 936 955 secantes
956 922 990 953 in
1011 922 1053 959 E,

1095 920 1229 962 gravitas
1250 918 1446 951 acceleratrix
1468 917 1574 950 versus
1599 917 1704 950 Solem
1718 916 1826 948 eadem
1841 915 1880 947 sit
1900 916 1935 946 in

219 971 256 996 ut
269 976 389 1005 semper
409 967 450 997 sit
471 967 502 998 E
521 967 560 998 M
581 966 707 1007 aequaljs
732 972 823 997 rectae
847 966 927 996 datae
955 967 986 996 A
1002 965 1051 1007 H,
1096 961 1240 994 distantia
1277 962 1412 994 Telluris
1439 972 1459 992 a
1490 960 1571 998 sole,
1607 960 1701 1001 atque
1729 960 1763 990 in
1791 958 1935 990 distantia

218 1017 313 1038 curva
336 1008 370 1038 in
391 1007 454 1049 qua
476 1015 548 1039 sunt
568 1015 686 1048 puncta
713 1010 761 1046 M,
788 1011 828 1043 A,
848 1009 960 1039 dicitur
979 1018 1053 1038 con-
1095 1011 1225 1036 cometae
1238 1006 1277 1036 ab
1292 1005 1409 1040 eodem,
1422 1014 1492 1044 quae
1507 1010 1553 1034 est
1567 1002 1744 1045 hypothesis
1758 1001 1882 1033 Galilaei
1894 1001 1934 1031 de

216 1050 313 1082 chais.
358 1051 434 1083 Jam
458 1050 532 1082 vero
554 1051 635 1083 inter
658 1052 754 1083 latera
776 1051 885 1093 anguli
911 1051 942 1083 G
960 1051 994 1088 Q
1012 1050 1052 1087 B,
1092 1047 1253 1091 gravitate,
1267 1058 1295 1091 *a
1315 1045 1389 1079 vera
1409 1056 1473 1078 non
1491 1045 1628 1078 multum
1647 1045 1773 1083 distans,
1796 1043 1931 1085 aequales

219 1906 332 1937 ducere
353 1913 493 1948 oporteat
513 1913 630 1938 rectam
655 1906 686 1938 G
703 1905 747 1943 K,
763 1915 834 1947 quae
848 1910 982 1936 transeat
1005 1913 1058 1943 per

219 1955 373 1987 punctum
398 1950 507 1980 datum
536 1951 572 1985 C,
599 1955 631 1981 et
653 1948 778 1990 aequalis
803 1947 843 1978 sit
864 1954 956 1978 rectae
978 1946 1058 1976 datae

224 1991 250 2022 C
268 1991 311 2027 K,
327 1998 446 2031 puncto
464 1990 490 2023 C
506 1998 653 2033 tanquam
669 1991 741 2031 polo
756 1997 788 2021 et
808 1989 971 2020 intervallo
985 1988 1058 2019 dato

222 2034 252 2065 A
272 2033 306 2063 H
321 2047 367 2064 =
386 2035 412 2066 C
427 2034 462 2066 K
476 2035 664 2065 describatur
679 2033 823 2065 conchois
836 2043 907 2073 quae
920 2036 1059 2062 occurrat

219 2083 311 2108 rectae
327 2078 353 2108 C
369 2077 410 2114 G,
426 2077 460 2107 in
479 2078 509 2108 G
523 2083 608 2116 patet
621 2077 687 2108 fore
704 2076 738 2107 K
753 2075 785 2106 G
800 2074 951 2116 aequalem
965 2079 1058 2104 rectae

220 2118 300 2150 datae
318 2119 344 2149 C
362 2119 406 2150 K.
452 2120 493 2156 Q.
512 2130 539 2150 e.
557 2119 580 2150 f.

263 2160 309 2203 (Υ)
327 2163 345 2180 ’““
363 2163 484 2202 Eligere
499 2164 647 2194 convenit.
693 2161 726 2192 Si
744 2165 855 2200 praeter
871 2164 997 2199 propter
1011 2158 1059 2187 in·

221 2210 358 2234 notescat
378 2204 515 2245 angulus
534 2212 629 2245 quem
650 2203 815 2244 vestigium
831 2201 939 2232 orbitae
955 2210 1059 2231 come-

221 2247 287 2277 ticae
314 2246 451 2278 continet
470 2257 543 2279 cum
563 2245 648 2278 recta
664 2245 793 2277 Terram
809 2251 840 2275 et
854 2250 1006 2275 cometam
1026 2243 1059 2273 in

220 2289 428 2319 observatione
456 2288 593 2320 secunda
629 2289 849 2330 conjungente,
886 2286 950 2317 sive
985 2286 1059 2315 huic

221 2331 347 2372 aequalis
374 2331 509 2372 angulus
540 2333 572 2362 A
595 2333 629 2369 Q
649 2338 662 2362 t
692 2331 800 2372 (Lem.
823 2329 885 2360 IV.
909 2328 948 2358 de
969 2327 1058 2367 con.)

219 2384 312 2414 quem
334 2374 448 2405 chorda
471 2375 502 2405 A
521 2374 547 2405 C
569 2374 706 2405 continet
727 2382 801 2403 cum
822 2370 906 2402 recta
926 2377 941 2401 t
963 2371 1002 2407 B,
1026 2370 1060 2400 id

219 2416 303 2456 quod
318 2416 452 2454 praestari
474 2417 585 2456 poterit
599 2427 654 2457 per
667 2425 757 2447 num·
777 2418 847 2446 188.
865 2420 940 2444 tunc
959 2422 1059 2452 punc-

221 2465 287 2488 tum
306 2459 345 2494 B,
368 2458 469 2498 primo
484 2459 705 2490 assumendum
726 2459 786 2488 hoc
805 2456 900 2487 modo
913 2455 1058 2486 determi-

221 2501 352 2532 nabitur.
401 2502 546 2533 Ducatur
567 2508 649 2533 recta
677 2502 707 2532 A
732 2501 768 2537 C,
793 2499 883 2530 rectis
907 2497 1059 2538 positione

219 2544 299 2574 datis
316 2545 346 2575 T
363 2544 405 2582 A,
424 2544 453 2575 T
471 2544 498 2575 C
513 2545 660 2585 utrinque
675 2543 904 2582 comprehensa,
926 2546 1056 2571 rectam·

218 2597 280 2626 que
294 2593 307 2617 t
325 2588 363 2622 B,
382 2586 534 2626 positione
548 2587 663 2624 datam,
679 2587 713 2616 in
728 2584 846 2626 angulo
860 2583 972 2624 aequali
986 2583 1059 2612 dato

217 2630 253 2659 in
281 2630 315 2666 Q
338 2630 524 2660 intersecans
544 2640 616 2670 quae
637 2630 676 2660 sit
697 2628 738 2659 ad
761 2629 803 2669 5!
823 2630 842 2657 2
862 2631 895 2665 ><
918 2626 947 2657 Τ
962 2631 984 2663 t,
1001 2625 1059 2655 hoc

218 2690 274 2722 est,
291 2683 431 2724 proxime
446 2683 486 2714 ad
508 2672 535 2724 Ξ
559 2681 588 2711 Τ
611 2687 633 2716 t,
657 2680 690 2710 in
709 2676 926 2717 subduplicati
941 2676 1060 2707 ratione

221 2728 243 2758 S
259 2733 272 2758 t
285 2728 325 2758 ad
343 2728 364 2758 S
383 2727 424 2762 Q,
441 2732 472 2756 et
486 2730 598 2766 agatur
612 2733 667 2763 per
684 2723 715 2759 S,
731 2727 815 2752 recta
840 2722 861 2751 S
879 2720 908 2750 E
928 2720 968 2757 B,
991 2719 1060 2750 talis

218 2777 256 2801 ut
270 2780 339 2809 pars
357 2770 385 2800 E
399 2770 427 2800 B
440 2779 459 2799 a
472 2767 613 2798 cruribus
627 2765 736 2806 anguli
751 2764 781 2795 A
796 2764 830 2800 Q
840 2764 867 2794 B
880 2763 1057 2801 intercepta,

219 2813 346 2853 aequalis
367 2812 407 2842 sit
427 2818 519 2841 rectae
540 2815 554 2840 t
570 2809 601 2839 V
625 2810 713 2848 (144.
735 2807 824 2846 145.)
841 2811 994 2845 punctum
1018 2804 1057 2839 B,

219 2855 265 2885 ita
288 2855 462 2889 definitum,
490 2860 536 2883 est
561 2850 648 2881 illud*
665 2851 768 2890 ipsum
791 2849 874 2889 quod
897 2846 1059 2878 commode

220 2898 319 2936 prima
335 2898 400 2927 vice
417 2894 559 2935 usurpari
581 2893 694 2933 poterit
715 2902 772 2932 pro
787 2891 916 2931 vestigio
931 2896 1059 2929 cometae

217 2940 250 2969 in
268 2940 361 2978 plano
376 2939 535 2977 eclipticae·
583 2936 725 2966 Ponatur
750 2935 788 2969 B,
813 2944 877 2963 esse
893 2932 1058 2973 vestigium

220 2989 348 3011 cometae
364 2983 397 3011 in
412 2981 506 3020 plano
520 2979 669 3018 eclipticae
684 2985 715 3008 ct
730 2986 835 3007 arcum
851 2975 1059 3015 parabolicum

219 3034 274 3063 per
293 3025 333 3060 A,
353 3025 389 3061 C,
419 3024 447 3054 B
470 3027 682 3053 transeuntem
704 3029 770 3050 esse
791 3019 956 3059 vestigium
971 3017 1059 3047 arcus

218 3066 400 3107 trajectoriae
423 3066 503 3096 inter
524 3063 767 3095 observationem
793 3061 923 3100 primam
946 3067 977 3090 et
998 3066 1058 3089 ter-

220 3109 296 3141 tiam
319 3108 473 3148 descripti.
535 3107 610 3139 Jam
634 3104 706 3137 vero
730 3104 765 3135 in
779 3103 949 3148 -hypothesi
975 3101 1059 3144 quod

1103 2389 1195 2415 erunt
1219 2383 1248 2415 B
1266 2384 1308 2421 E,
1331 2389 1345 2415 t
1361 2382 1402 2421 V,
1425 2382 1534 2423 utpote
1555 2381 1653 2422 spatia
1671 2381 1811 2413 cadendo
1831 2381 1939 2414 versu

1107 2427 1213 2458 Solem
1234 2426 1343 2457 eodem
1364 2432 1503 2465 tempore
1527 2435 1670 2465 percursa
1689 2435 1707 2454 a
1728 2422 1849 2456 cometa
1870 2430 1903 2455 et
1920 2434 1941 2456 a

1106 2468 1245 2506 Tellure,
1259 2479 1295 2499 ac
1310 2467 1439 2508 proinde
1453 2469 1512 2499 erit
1525 2469 1555 2498 A
1570 2467 1597 2499 C
1611 2466 1725 2498 chorda
1738 2465 1940 2506 parabola-ad

1105 2513 1149 2552 4!
1169 2515 1188 2541 2
1202 2516 1236 2549 χ
1253 2511 1283 2542 Τ
1297 2517 1310 2542 t
1324 2510 1470 2542 chordam
1485 2509 1592 2541 circuli
1606 2509 1696 2550 cujus
1709 2514 1851 2540 centrum
1864 2518 1939 2540 cum

1103 2553 1253 2585 umbilico
1274 2553 1427 2593 parabolae
1449 2552 1594 2584 coincidit
1607 2551 1642 2582 in
1655 2549 1870 2590 subduplicata
1890 2561 1940 2583 rn-

1103 2597 1189 2628 tione
1202 2602 1294 2629 rectae
1312 2596 1333 2627 S
1347 2602 1371 2633 t,
1387 2596 1427 2626 ad
1439 2601 1555 2626 rectam
1578 2594 1600 2625 S
1616 2593 1657 2631 E,
1683 2593 1773 2635 (Cor.
1791 2596 1820 2625 7.
1841 2593 1938 2634 Prop-

1106 2636 1206 2670 XVI.
1240 2638 1312 2669 Lib.
1347 2638 1395 2678 1.)
1456 2636 1517 2669 Sed
1544 2642 1667 2675 sumpta
1695 2642 1741 2667 est
1772 2634 1803 2666 A
1836 2635 1863 2668 C
1899 2633 1940 2667 ad

1105 2683 1150 2723 Μ
1169 2685 1188 2712 2
1207 2685 1240 2718 ><
1261 2681 1290 2712 Τ
1305 2687 1318 2711 t
1331 2680 1364 2711 in
1381 2676 1596 2719 subduplicata'i
1609 2678 1727 2709 ratione
1743 2678 1765 2710 S
1776 2682 1790 2709 t
1803 2677 1843 2709 ad
1860 2677 1882 2710 S
1896 2677 1939 2716 Q,

1104 2730 1137 2755 et
1154 2725 1185 2754 A
1204 2724 1231 2755 C
1246 2729 1328 2755 secat
1341 2729 1455 2753 rectam
1469 2727 1484 2752 t
1499 2721 1528 2753 B
1543 2721 1577 2751 in
1592 2721 1709 2762 angulo
1726 2722 1756 2752 A
1775 2721 1809 2757 Q
1821 2727 1842 2758 t,
1859 2720 1941 2752 sicut

1103 2767 1274 2806 oportebat,
1290 2771 1382 2806 atque
1400 2766 1427 2796 B
1441 2764 1471 2795 E
1487 2763 1613 2805 aequalis
1627 2769 1672 2794 est
1685 2763 1743 2803 ipsi
1757 2769 1771 2794 t
1783 2762 1830 2801 V;
1845 2761 1942 2804 quare

1105 2814 1188 2840 recta
1204 2808 1235 2839 A
1248 2809 1274 2840 C
1290 2807 1407 2838 obtinet
1420 2805 1654 2847 quamproxime
1668 2815 1776 2836 omnes
1789 2805 1940 2837 conditio-

1106 2862 1161 2882 nes
1172 2850 1330 2892 requisitas
1341 2856 1377 2880 ut
1386 2850 1424 2880 sit
1434 2847 1548 2880 chorda
1558 2848 1646 2879 arcus
1655 2847 1709 2889 qui
1720 2854 1766 2879 est
1776 2846 1941 2890 vestigium

1106 2893 1286 2935 trajectoriae
1300 2892 1456 2922 cometicae
1470 2891 1550 2921 inter
1565 2890 1792 2932 longitudinem
1806 2889 1940 2931 primam

1109 2937 1138 2967 T
1155 2937 1197 2973 A,
1214 2943 1244 2966 et
1258 2935 1377 2966 tertiam
1393 2934 1577 2972 interceptae,
1593 2944 1629 2964 ac
1643 2931 1773 2973 proinde
1787 2938 1941 2972 punctum

1108 2979 1150 3016 B,
1166 2979 1258 3009 habet
1278 2986 1386 3008 omnes
1408 2976 1599 3007 conditiones
1616 2982 1652 3006 ut
1667 2976 1706 3006 sit
1719 2973 1859 3015 proxime
1873 2984 1941 3005 ves-

1106 3021 1219 3062 tigium
1234 3026 1361 3050 cometae
1376 3021 1408 3049 in
1425 3018 1634 3050 observatione
1649 3015 1794 3048 secunda·
1842 3015 1941 3048 Recte

1106 3063 1203 3105 igitur
1238 3061 1474 3093 determinatum
1511 3067 1557 3092 est
1590 3066 1743 3102 punctum
1780 3059 1820 3099 B,
1856 3057 1942 3101 quod

1106 3105 1207 3146 primii,
1220 3104 1285 3136 vice
1300 3113 1447 3145 usurpare
1462 3103 1541 3142 licet.
