2072 3522
159 223 312 265 ann
328 221 567 272 Temnum]
623 218 943 262 PRINCIPIA
974 217 1466 260 MATHEMATICA.

1815 224 1870 261 99

159 336 352 379 distantia
374 352 399 378 a
419 336 566 378 Terra.
627 337 678 392 (5)
711 337 904 393 Augetur
932 334 1031 376 vero
1051 348 1099 375 ac
1129 333 1374 374 diminuitur
1402 333 1446 373 in
1474 332 1676 388 triplicata
1706 333 1866 375 ratione

159 408 364 450 distantiae
387 407 494 449 Solis
514 407 674 449 inverse
689 424 700 457 ;
731 407 908 463 ide6que
942 406 986 447 in
1018 404 1197 446 maxima
1232 404 1339 446 Solis
1360 403 1551 445 distantia
1588 412 1651 446 est
1686 405 1738 446 3'.
1774 405 1866 446 34‘'.

159 488 202 521 et
220 480 264 519 in
283 479 454 519 minima
485 480 535 520 3'.
559 479 652 520 56⁰.
674 477 1012 534 quamproxime:

1044 476 1116 517 ubi
1137 475 1236 517 vero
1258 490 1477 532 apogaeum
1498 475 1632 516 Lunae
1663 475 1787 516 situm
1807 483 1869 516 est

159 561 277 593 extra
312 561 509 603 octantes,
547 553 683 594 evadit
715 551 878 601 minor3
911 551 962 606 (Ζ)
995 558 1137 606 estque
1168 549 1222 590 ad
1253 549 1529 605 aequationem
1548 549 1785 601 maximam,
1821 557 1869 590 ut

158 623 269 664 sinus
289 623 429 678 duplae
450 623 655 664 distantiae
675 623 838 679 apogaei
874 622 1009 664 Lunae
1042 637 1068 662 a
1099 620 1291 676 proxima
1314 619 1480 678 syzygia
1513 620 1580 661 vel
1615 619 1864 676 quadratura

158 694 214 736 ad
234 693 410 735 radium.

213 768 264 824 (⁹)
298 768 380 809 Per
402 767 575 808 eandem
594 766 805 824 gravitatis
835 765 1037 808 theoriam
1059 765 1166 806 actio
1188 764 1295 807 Solis
1324 764 1367 805 in
1398 764 1565 806 Lunam
1582 762 1709 818 paulo
1737 764 1868 819 major

156 849 218 881 est
237 841 310 881 ubi
329 841 439 882 linea
472 849 585 882 recta
613 855 688 895 per
721 839 854 880 nodos
875 839 1010 880 Lunae
1031 838 1155 879 ducta
1186 837 1334 878 transit
1350 851 1426 891 per
1449 836 1601 886 Solem,
1638 834 1763 891 quam
1796 837 1868 877 ubi

155 913 265 954 linea
297 913 366 954 illa
400 912 454 954 ad
489 921 624 954 rectos
645 920 706 953 est
726 911 900 969 angulos
936 926 1031 953 cum
1064 910 1175 952 recta
1199 911 1339 953 Solem
1368 925 1417 951 ac
1447 910 1624 951 Terram
1650 910 1867 966 jungente.

155 1028 259 1058 titates
283 1025 432 1056 absolutae
454 1030 624 1062 mutantur,
655 1025 710 1055 sed
733 1032 861 1056 manent
885 1035 992 1056 earum

153 1069 368 1110 proportiones
388 1078 425 1098 ex
447 1068 560 1107 quibus
581 1067 667 1108 leges
687 1069 899 1108 aequationum
917 1078 991 1107 pen-

155 1112 255 1149 dent„
270 1114 311 1141 ita
337 1117 372 1141 ut
396 1109 470 1141 data
493 1109 598 1150 aliqua
623 1120 660 1139 ex
687 1111 911 1150 aequationibus
939 1121 994 1149 per

156 1156 370 1194 phaenomena,
395 1153 523 1193 reliquae
548 1153 621 1183 satis
651 1159 720 1183 tuto
749 1153 860 1184 exinde
882 1152 993 1183 deduci

178 1203 279 1227 ueant.
544 1220 548 1227 ,

155 1207 175 1238 q
198 1239 245 1280 (Υ)
269 1241 287 1255 *
306 1239 446 1278 Augetur
460 1238 526 1269 verb
540 1249 578 1268 ac
593 1239 776 1270 diminuitur
791 1240 824 1270 in
839 1237 993 1278 triplicata

156 1284 274 1312 ratione
287 1283 442 1312 distantiae
454 1282 527 1311 Solis
538 1280 663 1312 inverse.
707 1282 811 1312 Probl.
828 1281 889 1312 VI.
904 1283 990 1322 (pag.

706 1327 744 1355 15
761 1325 788 1353 A
803 1329 835 1360 Χ
854 1323 880 1354 F
891 1326 936 1364 q9
949 1323 966 1352 f
977 1322 993 1342 ²

704 1368 992 1410 memus

156 1424 189 1457 ><
206 1437 250 1444 -
268 1421 409 1449 163595.
432 1418 460 1448 Ρ
474 1419 507 1454 Q,
519 1418 556 1452 T,
576 1417 610 1447 in
625 1416 689 1458 qua
703 1416 898 1455 expressione
912 1426 931 1446 a
944 1426 992 1446 re-

156 1467 321 1502 praesentat
341 1460 528 1491 mediocrem
546 1460 628 1490 Solis
650 1470 669 1490 a
692 1457 790 1489 Terra
805 1458 990 1494 distantiam,

155 1350 224 1390 82.)
249 1351 315 1379 haec
338 1349 471 1390 aequatio
490 1349 617 1379 inventa
633 1355 679 1379 cst

155 2068 189 2098 in
204 2067 266 2099 alia
279 2069 383 2109 itaque
397 2080 416 2100 a
432 2069 666 2130 Sole²distant35
679 2071 748 2113 loco
762 2082 781 2102 a
794 2079 927 2113 ponatur
943 2070 988 2111 X,

473 2123 520 2203 aX
537 2113 564 2184 ξ

155 2206 240 2237 verse
255 2213 291 2237 ut
304 2206 454 2247 quadrata
469 2207 694 2246 distantiarum,
718 2210 775 2240 hac
791 2220 864 2250 ergo
879 2210 989 2240 substi-

635 2255 674 2282 15
689 2253 717 2282 Α
730 2263 749 2282 a
760 2251 776 2271 ²
792 2253 818 2282 F
828 2263 847 2293 q
862 2256 878 2276 ⁹
890 2253 907 2282 f
917 2255 932 2271 2

580 2306 705 2334 109.7:5.
723 2303 754 2333 S.
770 2303 801 2333 V
814 2302 846 2333 X
859 2305 884 2333 2.
903 2305 936 2334 X
949 2304 988 2333 ιδ

159 2375 192 2408 ><
210 2387 247 2395 -
272 2374 406 2403 16³..595
424 2372 451 2403 P
469 2373 502 2408 Q
517 2373 547 2404 T
569 2379 638 2403 tum
651 2371 719 2402 loco
734 2345 773 2394 E
788 2372 990 2403 substituatur

740 2399 768 2428 V

157 2440 250 2523 :311
266 2468 316 2508 (ut
331 2467 427 2508 liquet
440 2478 478 2499 ex
497 2469 569 2500 Cor·
588 2467 692 2498 Probl.
714 2467 742 2497 Ι.
761 2467 871 2498 calculi
885 2468 987 2507 primi,

444 2562 452 2569 ·
573 2562 580 2569 ,
663 2539 700 2566 15
714 2535 753 2566 Μ
766 2537 946 2576 ²a³q⁹f²

157 2570 228 2601 pag.
249 2560 319 2601 70.)
341 2568 474 2602 aequauo
495 2561 596 2593 evadit
614 2578 987 2618 m

161 2632 195 2664 Χ
212 2646 255 2652 -
272 2631 338 2660 163.
346 2632 409 2661 595
429 2630 456 2660 Ρ
474 2631 507 2666 Q
522 2631 560 2667 T,
576 2636 607 2660 et
621 2629 694 2670 quia
707 2629 741 2659 in
756 2630 930 2667 octantibus
943 2638 988 2662 aet

162 2670 190 2700 Ρ
209 2671 440 2713 ΩΤΞὲτῑ
456 2673 588 2712 aequatio
603 2678 705 2702 est—

164 2714 691 2755 15)(ιεςει.595><Μῑειὴῃθί·2
720 2740 728 2747 .
808 2738 819 2749 A
854 2739 865 2751 ς
960 2741 972 2772 1

190 2767 211 2792 4
225 2767 387 2800 ><10÷m³
401 2767 443 2806 -f-
460 2769 490 2796 s.
509 2769 539 2796 A
555 2768 611 2796 >4³
625 2768 662 2794 ιν
694 2750 988 2781 ,mquacumnu-

159 2804 190 2835 la
204 2805 243 2835 sit
257 2806 407 2836 variabilis
421 2808 574 2847 quantitas
597 2814 706 2847 praeter
722 2808 755 2839 X
772 2810 787 2831 3
801 2809 834 2838 in
849 2808 988 2840 denomi-

159 2854 266 2878 natore
280 2857 467 2884 occurrente,
491 2850 588 2890 liquet
609 2851 812 2891 aequationem
827 2851 900 2882 cum
916 2862 989 2891 apo-

160 2901 264 2930 gaeum
294 2897 340 2921 est
369 2891 401 2920 in
425 2893 605 2928 octantibus,
635 2894 694 2924 hoc
716 2900 762 2924 est
786 2893 988 2934 aequationem

160 2933 326 2967 maximam
343 2944 408 2963 esse
422 2940 458 2964 ut
475 2935 507 2964 X
523 2937 538 2958 ³
553 2934 680 2971 inverse,
703 2937 762 2966 hoc
777 2943 822 2966 est
836 2939 941 2976 angen·
953 2949 990 2968 ac

161 2977 294 3006 diminui
308 2977 342 3006 in
358 2975 507 3016 triplicat&
517 2979 632 3009 ratione
642 2980 794 3010 distantioe
807 2981 878 3011 Solis
892 2982 932 3011 Χ
942 2982 990 3012 in-

159 3018 240 3048 verse
251 3034 265 3054 ς
285 3019 418 3059 ἰιΙεόᾳτιε,
435 3020 491 3049 δια.

205 3060 328 3091 Scilicet
350 3059 449 3100 posita
473 3062 697 3094 excentridtaoe
725 3064 831 3095 orbitae
858 3064 992 3096 Telluris

161 3104 300 3156 ,ΟΠΞ-ᾗῇ,
316 3114 458 3145 distantia
472 3115 607 3146 maxima
621 3123 667 3148 est
685 3120 698 3148 1
717 3116 760 3159 -Ι-
773 3110 912 3161 0016·}-2}‚
930 3117 992 3149 dis-

156 2143 188 2168 et
202 2137 271 2168 loco
286 2138 312 2168 F
327 2144 460 2177 ponatur

579 2140 652 2179 quia
672 2140 718 2171 'vis
742 2140 821 2171 Solis
838 2139 865 2172 F
879 2148 924 2172 est
940 2140 988 2171 in-

156 2274 276 2306 tutione
290 2273 371 2306 facta
385 2277 516 2316 aequatio
530 2277 566 2308 fit

1034 1022 1131 1053 tantia
1136 1021 1298 1052 mediocris
1307 1025 1333 1057 l,
1342 1027 1373 1052 et
1381 1021 1525 1052 distantia
1531 1020 1661 1050 minima
1669 1023 1775 1051 1-.01
1782 1010 1867 1062 δὲᾖ,

1034 1065 1137 1105 itaque
1158 1064 1310 1095 sumendo
1330 1064 1480 1094 rationem
1502 1063 1686 1103 triplicatam
1707 1062 1870 1094 mediocris

1034 1127 1066 1151 et
1086 1120 1230 1150 maximae
1251 1120 1403 1150 distantiae
1422 1119 1475 1150 fiat
1496 1125 1534 1150 ut
1558 1123 1570 1149 l
1590 1119 1633 1161 -Ι-
1647 1123 1668 1150 8
1685 1123 1719 1156 Χ
1737 1107 1868 1159 .016}{

1035 1175 1079 1216 -ι-
1094 1178 1112 1205 s
1127 1178 1161 1211 χ
1175 1164 1350 1214 .οοο<.>ε5ὲ,
1364 1176 1420 1206 διο.
1440 1175 1585 1217 (1.0516)
1601 1174 1640 1205 ad
1653 1177 1680 1211 1,
1692 1175 1734 1204 ita
1741 1174 1780 1204 δ’.
1797 1174 1865 1206 45”.

1034 1217 1073 1247 ad
1087 1223 1232 1257 quartum
1243 1217 1365 1256 quierit
1377 1218 1414 1249 8¹.
1429 1217 1496 1248 34¹¹.
1515 1224 1546 1248 et
1557 1216 1708 1247 sumendo
1717 1217 1869 1248 rationem

1035 1260 1216 1298 triplicatam
1229 1259 1380 1290 inversam
1391 1260 1552 1291 mediocris
1567 1266 1597 1290 et
1605 1259 1744 1289 minimae
1753 1259 1870 1289 distan-

1034 1311 1086 1341 tiae
1100 1311 1153 1342 fiat
1167 1318 1202 1342 ut
1220 1315 1233 1341 1
1251 1329 1294 1335 —
1307 1315 1328 1342 3
1346 1317 1379 1350 ><
1397 1304 1531 1356 ‚omffl‘
1543 1313 1586 1355 4-
1605 1317 1624 1343 3
1642 1317 1674 1350 ><
1696 1311 1868 1353 ‚0002852

1035 1355 1091 1384 &c-
1110 1354 1280 1395 (.950197)
1297 1354 1336 1385 ad
1355 1360 1365 1385 ι
1386 1355 1429 1385 ita
1442 1356 1482 1386 δ’.
1501 1356 1568 1386 45⁰.
1594 1355 1635 1386 ad
1655 1361 1800 1396 quartum
1815 1355 1870 1396 qui

1035 1397 1091 1426 erit
1107 1397 1146 1426 δ’.
1165 1396 1214 1428 56'
1215 1397 1232 1426 ¹.

1079 1439 1127 1480 (²)
1154 1442 1170 1459 '
1188 1442 1306 1480 Estque
1319 1443 1360 1471 ad
1373 1444 1577 1481 aequationem
1599 1443 1773 1472 maa-imam.
1821 1440 1870 1470 Si-

1033 1481 1159 1522 quidem
1184 1483 1218 1511 in
1243 1481 1440 1523 qudcumque
1455 1483 1600 1514 distantia
1617 1484 1722 1514 Terrae
1744 1494 1764 1514 a
1786 1482 1868 1519 Sole,

1378 1529 1416 1556 15
1434 1527 1470 1557 M
1488 1529 1502 1545 ²
1519 1537 1538 1557 a
1551 1529 1565 1549 ³
1581 1537 1596 1556 r
1610 1529 1627 1549 9
1643 1526 1660 1556 f
1670 1528 1686 1544 ²

1323 1581 1434 1607 109·73
1461 1578 1492 1608 S.
1521 1579 1562 1607 A.
1590 1578 1739 1607 X³x⁹
1766 1555 1800 1588 Χ
1827 1569 1870 1576 “-

1038 1621 1174 1650 163.595
1200 1619 1228 1649 Ρ
1246 1619 1279 1654 Q
1295 1620 1332 1656 T,
1357 1619 1453 1659 liquet
1474 1621 1556 1660 quod
1580 1619 1784 1659 supponendo
1806 1619 1870 1649 dis-

1034 1661 1163 1691 tantiam
1180 1662 1208 1691 X
1227 1671 1288 1691 non
1304 1661 1423 1698 variari,
1446 1663 1514 1692 haec
1529 1663 1661 1702 aequatio
1682 1663 1739 1692 erit
1754 1662 1868 1702 ubique

1033 1710 1070 1734 ut
1087 1703 1115 1734 P
1127 1704 1160 1739 Q
1176 1704 1224 1741 Τ;
1241 1705 1272 1733 in
1288 1706 1460 1735 octantibus
1474 1713 1578 1735 autem
1596 1705 1624 1735 P
1639 1705 1671 1740 Q
1681 1704 1709 1733 T
1724 1711 1770 1734 est
1782 1704 1804 1744 ἦ
1815 1715 1831 1733 r
1841 1706 1865 1742 ²,

1033 1746 1107 1776 hinc
1122 1746 1154 1775 in
1169 1747 1277 1786 quovis
1291 1747 1359 1776 loco
1373 1747 1439 1777 liaec
1455 1748 1586 1787 aequatio
1600 1753 1646 1777 est
1660 1746 1699 1777 ad
1714 1756 1781 1776 eam
1798 1757 1869 1787 quae

1033 1789 1067 1818 in
1093 1789 1266 1820 octantibus
1281 1790 1478 1827 obtineretur,
1503 1797 1659 1820 manenle-
1673 1787 1782 1819 eadem
1806 1790 1868 1820 dis-

1033 1829 1133 1861 tantia
1143 1831 1222 1862 Solis
1236 1842 1254 1861 a
1271 1831 1368 1862 Terra
1381 1839 1417 1862 ut
1434 1832 1463 1863 P
1477 1834 1511 1868 Q
1522 1834 1551 1863 T
1566 1833 1605 1863 ad
1620 1832 1641 1874 ἦ
1650 1842 1666 1861 r
1676 1834 1702 1868 ²,
1719 1833 1782 1862 sive
1796 1832 1870 1872 quia

1036 1873 1632 1918 PQTest{zyut{zyad3}r²-‚
1656 1880 1869 1916 etutrumque

1034 1942 1177 1973 ducendo
1191 1923 1295 2000 per-⁴1¹-
1321 1950 1357 1974 ut
1377 1922 1397 1947 2
1411 1928 1428 2000 ἰ
1442 1929 1463 1957 y
1478 1945 1518 1975 ad
1532 1954 1555 1980 r,
1573 1944 1626 1974 sed
1644 1921 1663 1947 2
1677 1927 1694 2000 ἶ
1708 1927 1727 1957 y

1033 2021 1093 2042 nus
1107 2012 1211 2051 duplae
1225 2011 1378 2043 distantiae
1395 2013 1502 2053 puncti
1522 2013 1559 2050 P,
1582 2013 1641 2043 hoc
1655 2019 1700 2044 est
1715 2012 1835 2053 apogaei
1850 2022 1868 2041 a

1031 2055 1167 2095 syzygia,
1184 2062 1238 2086 aut
1259 2067 1277 2086 a
1298 2056 1487 2096 quadratura
1510 2054 1651 2097 (perinde
1666 2057 1750 2086 enim
1766 2061 1811 2085 est
1831 2061 1869 2085 ut

1031 2107 1068 2126 ex
1084 2098 1324 2137 trigonometriae
1344 2099 1502 2137 principiis
1516 2098 1626 2138 liquet)
1650 2099 1722 2129 hinc
1736 2097 1868 2137 aequatio

1032 2139 1065 2168 in
1079 2141 1188 2179 quovis
1202 2141 1262 2170 situ
1273 2141 1391 2180 apogaei
1403 2149 1489 2171 extra
1500 2148 1635 2171 octantes
1649 2147 1696 2171 est
1710 2141 1748 2170 ad
1764 2149 1866 2179 aequa·

1031 2181 1148 2211 tionem
1164 2183 1330 2211 maximam
1345 2194 1415 2222 quae
1429 2183 1619 2213 obtineretur
1638 2181 1672 2211 in
1694 2184 1867 2212 octantibus

1032 2230 1176 2253 manente
1188 2223 1295 2253 eadem
1307 2224 1451 2254 distantia
1462 2225 1598 2255 Telluris
1609 2235 1627 2254 a
1639 2224 1719 2261 Sole,
1735 2231 1771 2255 ut
1780 2224 1866 2254 sinus

1032 2265 1136 2304 duplae
1151 2266 1302 2295 distantiae
1323 2267 1441 2307 apogaei
1464 2267 1567 2297 Lunae
1582 2277 1600 2296 a
1614 2266 1756 2306 proxima
1778 2276 1864 2307 syzy-

1031 2306 1094 2348 gia,
1110 2308 1149 2338 ad
1165 2308 1294 2339 radium.

1076 2349 1121 2391 (²)
1140 2353 1155 2370 ³
1175 2353 1236 2381 Per
1249 2354 1387 2388 eandem,
1405 2353 1460 2382 &c.
1510 2352 1593 2384 cum
1616 2352 1699 2383 linea
1712 2358 1796 2383 recta
1810 2363 1864 2392 per

1031 2392 1129 2422 nodos
1139 2393 1232 2424 ducta
1246 2394 1354 2424 transit
1369 2405 1422 2433 per
1439 2395 1552 2432 Solem,
1568 2402 1643 2425 tunc
1661 2395 1714 2426 Sol
1725 2403 1864 2426 versatur

1030 2435 1064 2465 in
1093 2435 1186 2475 plano
1214 2436 1310 2476 ipsius
1334 2438 1441 2467 orbitae
1466 2437 1582 2468 lunaris
1604 2438 1765 2477 producto,
1796 2439 1863 2479 ejus

1029 2477 1134 2518 itaque
1149 2479 1228 2509 actio
1239 2489 1302 2508 non
1314 2480 1504 2511 consumitur
1518 2481 1551 2510 in
1566 2481 1751 2511 dimovenda
1767 2479 1863 2511 Luna

1030 2522 1069 2550 ab
1083 2530 1120 2551 eo
1134 2521 1237 2560 plano,
1262 2522 1314 2552 sed
1329 2528 1394 2552 tota
1406 2523 1596 2562 impenditur
1617 2524 1656 2553 ad
1679 2534 1747 2553 eam
1771 2523 1819 2553 vel
1843 2533 1863 2553 a

1032 2562 1129 2594 Terra
1151 2563 1389 2602 distrahendam,
1415 2566 1463 2596 vel
1489 2566 1528 2595 ad
1553 2566 1682 2596 Terram
1707 2567 1861 2596 attrahen-

1030 2605 1113 2643 dam,
1129 2606 1177 2636 vel
1191 2607 1230 2637 ad
1245 2617 1312 2637 eam
1329 2607 1556 2638 accelerandam
1571 2615 1626 2638 aut
1646 2608 1860 2639 retardandam

1029 2648 1063 2678 in
1078 2649 1200 2688 proprio
1215 2659 1272 2680 suo
1286 2650 1394 2689 plano;
1410 2650 1483 2681 cum
1498 2657 1600 2680 autem
1617 2651 1698 2681 linea
1709 2651 1861 2681 nodorum

1030 2697 1076 2721 est
1089 2691 1128 2721 ad
1143 2692 1275 2733 angulos
1285 2700 1382 2723 rectos
1391 2703 1463 2723 cum
1475 2692 1558 2723 recta
1571 2693 1673 2725 Solem
1686 2704 1721 2723 ac
1733 2694 1862 2723 Terram

1025 2734 1186 2774 jungente,
1206 2741 1280 2766 tunc
1294 2735 1346 2766 Sol
1358 2738 1490 2766 maxime
1501 2735 1629 2766 discedit
1644 2746 1662 2765 a
1676 2736 1770 2775 plano
1780 2737 1861 2767 orbi-

1030 2782 1071 2806 tae
1085 2777 1211 2814 lunaris,
1232 2778 1304 2808 hinc
1319 2789 1387 2817 pars
1402 2779 1469 2819 ejus
1481 2778 1610 2810 actionis
1623 2778 1816 2809 consumitur
1829 2779 1862 2809 in

1030 2819 1224 2850 admovendo
1238 2820 1331 2859 plano
1352 2822 1457 2851 orbitae
1478 2821 1596 2852 lunaris
1616 2821 1656 2852 ad
1678 2821 1860 2861 eclipticam,

1032 2867 1063 2892 et
1087 2872 1142 2901 per
1163 2863 1320 2893 residuum
1343 2864 1493 2894 duntaxat
1518 2865 1586 2905 ejus
1606 2864 1736 2894 actionis
1758 2864 1862 2895 Lunae

1032 2914 1147 2934 errorae
1168 2907 1203 2936 in
1227 2908 1351 2946 longum
1375 2905 1536 2946 producit;
1566 2907 1639 2937 hinc
1666 2907 1758 2946 priori
1787 2917 1862 2938 easu

1033 2947 1112 2977 actio
1130 2948 1208 2977 Solis
1232 2949 1265 2978 in
1293 2950 1417 2980 Lunam
1433 2948 1527 2987 paulo
1542 2950 1639 2990 major
1653 2956 1699 2980 est
1712 2948 1807 2990 quam
1828 2950 1863 2980 in

1033 2991 1207 3028 posteriore,
1223 2997 1339 3030 partem
1352 2999 1455 3021 autem
1470 2991 1598 3022 actionis
1615 2993 1695 3023 Solis
1708 2993 1863 3023 residuam

1035 3032 1156 3064 sublata
1170 3033 1207 3063 ea
1221 3034 1287 3075 ejus
1301 3041 1386 3073 parte
1396 3045 1466 3074 quae
1481 3035 1514 3064 in
1528 3034 1622 3074 plano
1630 3035 1736 3066 orbitae
1747 3035 1864 3066 lunaris

1035 3074 1221 3107 dimovendo
1245 3077 1446 3114 consumitur,
1472 3077 1514 3108 ad
1539 3077 1695 3110 calculum
1719 3088 1865 3109 vocamus

1040 3116 1144 3150 Probl-
1163 3119 1191 3149 1.
1211 3120 1320 3150 calculi
1336 3119 1415 3151 tertii
1437 3121 1521 3162 (pag.
1541 3121 1608 3161 84).

1033 1549 1101 1580 haec
1115 1550 1247 1590 aequatio
1262 1557 1308 1581 est

1754 1949 1800 1973 est
1828 1943 1868 1973 si-
