2072 3522
182 262 328 303 met
350 261 587 312 harma]
650 260 971 304 PRINCIPIA
1002 259 1495 303 MATHEMATICA.
1835 267 1888 304 63

179 377 389 419 inclinatio
408 376 545 417 minor
564 383 626 417 est
645 376 718 417 ubi
738 377 860 418 Luna
889 385 1074 418 versatur
1092 377 1136 417 in
1156 376 1345 433 syzygiis,
1378 390 1503 432 quam
1522 374 1596 416 ubi
1624 389 1674 416 ea
1701 383 1890 418 versatur

179 450 224 491 in
243 450 515 506 quadraturis,
539 465 710 491 excessu
731 451 782 490 2'.
805 451 923 499 43‘'.;
945 450 1005 491 uti
1023 450 1068 490 in
1090 449 1391 504 Propositionis
1411 448 1634 502 superioris
1657 447 1889 490 Corollario

180 530 326 578 quarto
346 522 630 563 indicavimus.
690 522 746 563 Et
779 522 901 577 hujus
936 522 1129 564 excessus
1164 523 1336 563 dimidio
1371 523 1419 563 1'.
1451 521 1570 571 2123&
1602 522 1773 562 variatio
1802 530 1890 563 tota

177 593 396 634 mediocris
434 593 471 634 B
506 593 550 634 D
583 593 625 632 in
656 592 917 647 quadraturis
937 594 1149 634 lunaribus
1171 593 1374 634 diminuta
1394 592 1442 633 fit
1465 593 1543 634 15'.
1566 593 1645 641 2⁹„
1682 593 1725 632 in
1759 593 1887 647 ipsius

177 674 315 706 autem
335 665 510 721 syzygiis
531 672 651 705 aucta
669 663 718 704 fit
741 666 819 708 17'.
841 666 935 706 43²4
989 665 1034 706 Si
1055 665 1177 706 Luna
1195 664 1322 721 igitur
1341 665 1384 704 in
1405 664 1581 720 syzygiis
1602 665 1885 716 constituatur,

176 735 347 776 variatio
367 743 453 776 tota
472 735 516 775 in
541 735 717 776 transitu
736 735 943 776 nodorum
963 751 988 776 a
1007 736 1266 792 quadraturis
1285 736 1338 777 ad
1359 736 1542 792 syzygias
1563 736 1642 776 erit
1664 737 1741 780 17'.
1764 739 1857 779 45''.
1875 753 1885 778 :

175 805 353 862 ideoque
382 806 417 847 si
445 806 670 856 inclinatio,
705 806 778 847 ubi
796 799 899 846 nodi
931 807 975 847 in
1010 808 1186 864 syzygiis
1206 816 1434 857 versantur,
1471 807 1524 849 sit
1554 812 1623 849 5⁸¹.
1657 809 1736 851 17‘.
1768 811 1886 859 20‘'.;

175 879 333 928 eadem,
356 878 428 919 ubi
446 877 547 918 nodi
567 885 664 918 sunt
682 877 726 917 in
746 877 1018 932 quadraturis,
1040 887 1082 919 et
1101 878 1224 920 Luna
1239 879 1282 919 in
1298 878 1487 935 syzygiis,
1510 878 1588 919 erit
1607 882 1677 919 4⁸2
1695 879 1776 920 59'.
1792 881 1886 921 350.

176 951 316 1005 Atque
334 949 426 991 haec
445 949 503 991 ita
522 965 566 991 se
585 949 740 991 habere
760 950 1029 992 confirmatur
1049 965 1102 992 ex
1122 951 1489 993 observationibus.

232 1023 278 1066 Si
291 1024 379 1078 jam
398 1021 656 1075 desideretur
676 1021 788 1062 orbis
807 1022 1019 1063 inclinatio
1038 1022 1121 1073 illa,
1155 1022 1206 1078 (d)
1232 1023 1304 1064 ubi
1325 1023 1447 1064 Luna
1466 1023 1511 1063 in
1531 1023 1705 1080 syzygiis
1726 1032 1767 1065 et
1786 1023 1887 1065 nodi

173 1096 306 1137 ubivis
327 1102 543 1137 versantur
553 1111 565 1144 ;
595 1095 670 1136 fiat
704 1095 746 1136 A
767 1095 806 1136 B
826 1095 880 1135 ad
902 1095 943 1136 A
963 1096 1009 1137 D
1044 1104 1093 1137 ut
1124 1096 1237 1137 sinus
1268 1095 1476 1152 graduum
1509 1101 1550 1136 4.
1587 1097 1668 1137 59‘.
1705 1098 1798 1138 35”.
1833 1097 1886 1138 ad

172 1169 307 1209 sinum
325 1166 532 1224 graduum
554 1171 592 1208 5.
610 1167 689 1210 17’.
707 1167 814 1215 20”.,
838 1174 880 1207 et
899 1166 1083 1221 capiatur
1103 1167 1278 1223 angulus
1300 1168 1342 1208 A
1358 1167 1397 1208 E
1414 1166 1458 1208 G
1476 1166 1646 1222 aequalis
1667 1166 1886 1221 duplicatae

171 1240 376 1282 distantiae
396 1239 603 1280 nodorum
621 1253 647 1279 a
666 1238 926 1294 quadraturis
936 1255 948 1288 3
971 1247 1011 1280 et
1032 1240 1109 1281 erit
1129 1242 1169 1280 A
1188 1240 1236 1289 H
1257 1240 1369 1280 sinus
1390 1240 1666 1281 inclinationis
1687 1241 1884 1295 quaesitae.

173 1312 222 1367 (θ)
256 1311 373 1353 Huic
393 1310 505 1351 orbis
525 1309 783 1350 inclinationi
802 1310 972 1365 aequalis
992 1319 1055 1351 est
1074 1310 1258 1366 ejusdem
1278 1311 1503 1361 inclinatio,
1526 1311 1600 1366 ubi
1621 1311 1743 1352 Luna
1763 1312 1886 1354 distat

172 1390 271 1428 90⁸¹.
293 1401 317 1426 a
337 1384 470 1426 nodis.
531 1384 584 1425 In
603 1383 692 1425 aliis
714 1383 849 1424 Lunae
868 1383 970 1424 locis
990 1383 1246 1438 inaequalitas
1265 1391 1489 1433 menstrua,
1513 1398 1637 1439 quam
1653 1383 1884 1426 inclinatio-

170 1458 235 1499 nis
254 1457 427 1499 variatio
446 1455 638 1507 admittit,
670 1454 715 1511 (Υ)
746 1455 790 1496 in
810 1455 968 1497 calculo
987 1455 1215 1497 latitudinis
1238 1456 1372 1497 Lunae
1393 1464 1697 1511 compensatur,
1721 1464 1762 1498 et
1781 1472 1884 1512 quo-

169 1587 205 1617 fit
219 1586 311 1618 etiam
333 1597 363 1623 o,
386 1585 539 1617 evanescit
559 1585 662 1626 itaque
674 1586 734 1616 hoc
747 1585 781 1615 in
796 1595 869 1616 casu
881 1585 1003 1616 horaria

168 1630 303 1665 variatio,
318 1627 451 1669 ideoque
465 1629 499 1658 in
513 1628 596 1658 vario
607 1628 668 1658 situ
679 1628 781 1658 Lunae
790 1638 853 1658 non
864 1633 1004 1659 mutatur

168 1672 237 1712 ejus
261 1671 367 1702 orbitae
392 1671 561 1701 inclinatio.
610 1670 655 1700 Et
675 1670 802 1710 quidem
823 1670 907 1700 idem
929 1671 1004 1701 citra

168 1714 324 1744 calculum
339 1719 423 1753 patet
437 1723 474 1743 ex
490 1711 557 1751 ipsa
571 1712 615 1742 rei
629 1710 751 1749 natura,
767 1722 840 1742 nam
855 1713 1000 1743 versanti-

167 1758 226 1787 bus
239 1757 273 1786 in
286 1756 427 1796 syzygiiS,
443 1755 506 1785 sive
521 1755 592 1786 Sole
603 1755 751 1785 existente
765 1755 799 1784 in
810 1754 895 1787 linea
905 1754 1002 1785 nodo-

167 1808 249 1836 rum,
267 1799 321 1829 Sol
335 1804 381 1828 est
395 1797 427 1827 in
443 1808 481 1828 eo
495 1797 588 1836 plano
597 1796 631 1827 in
644 1807 707 1838 quo
716 1798 800 1838 jacet
811 1797 893 1827 linea
904 1796 1002 1828 nodo-

120 1842 124 1846 '
166 1851 248 1878 rum,
271 1841 325 1871 sed
339 1841 422 1870 linea
435 1839 590 1870 nodorum
604 1846 650 1870 est
669 1840 703 1869 in
725 1840 820 1878 plano
833 1839 940 1870 orbitae
954 1839 1003 1869 lu-

167 1883 259 1920 naris
284 1893 359 1924 ergo
376 1883 430 1913 Sol
453 1882 488 1912 in
512 1881 580 1921 ipsa
604 1880 705 1912 orbita
729 1882 830 1913 lunari
852 1879 1002 1921 producta

166 1926 285 1964 positus
299 1925 414 1956 censeri
429 1930 537 1964 potest,
561 1935 597 1955 ac
611 1934 666 1964 per
679 1934 868 1964 consequens
887 1924 1002 1964 qualis-

167 1978 301 2008 cumque
314 1968 355 1998 sit
368 1968 435 2008 ejus
449 1966 529 1997 actio
542 1966 577 1997 in
593 1967 729 2006 Lunam,
743 1966 843 2006 ipsam
857 1977 895 1996 ex
909 1968 1004 2006 plano

166 2010 294 2073 ¹²“¹:¹¹¹‘:
304 2009 924 2083 Ἕῗφῖἷᾼέἓζᾞωὲωάἷῗοὶῗιῗῗὲιωι
938 2063 1002 2083 m.

165 2053 294 2126 saritnir.
331 2064 416 2125 Nam
441 2094 518 2124 dum
542 2063 641 2124 Liizxila’
659 2096 698 2125 ab
724 2064 789 2124 uiis
813 2094 938 2135 syzygia
961 2094 1002 2125 ad

165 2137 307 2167 eamdem
322 2136 478 2177 syzygiam
499 2136 588 2173 redit,
611 2141 677 2167 tota
696 2136 824 2167 variatio
844 2143 1003 2167 menstrua

165 2205 352 2237 estadss'st
376 2204 446 2236 10s‘'.
464 2203 538 2236 33⁴¹.
564 2179 999 2261 utAZ><TZ><{-{'³¹

164 2274 376 2314 adeATq
355 2284 385 2314 q,
409 2273 472 2304 sive
494 2280 588 2304 utex
616 2273 689 2304 Cor·
706 2277 735 2303 8.
768 2273 861 2311 Prop.
887 2283 1001 2312 praece-

164 2316 265 2347 dentis
289 2323 408 2347 constat
430 2322 467 2346 ut
490 2316 698 2348 inclinationis
721 2315 806 2345 sinus
830 2315 943 2346 ductus
968 2316 1002 2345 in

164 2359 269 2391 sinum
283 2359 449 2398 duplicatae
469 2358 626 2389 distantiae
640 2357 714 2388 nodi
729 2369 748 2388 a
765 2358 836 2388 Sole
850 2357 891 2388 ad
904 2358 1002 2398 quad-

165 2402 291 2440 ruplum
305 2401 491 2442 quadratum
513 2401 600 2438 radii,
627 2400 679 2431 sed
703 2411 758 2440 per
780 2400 875 2441 hujus
892 2401 997 2431 Probi.

164 2444 425 2474 constructionem
438 2444 472 2473 in
487 2442 528 2474 ea
539 2444 657 2474 ratione
671 2450 717 2473 est
742 2444 770 2473 A
791 2443 838 2479 Η,
860 2443 885 2472 si
906 2442 1001 2474 modo

167 2488 199 2515 A
217 2487 246 2516 B
268 2487 308 2517 sit
328 2492 364 2517 ut
385 2486 472 2516 sinus
485 2486 625 2515 minimae
639 2485 848 2516 inclinationis
862 2492 894 2515 et
917 2488 946 2515 A
966 2486 999 2516 D

165 2529 251 2558 sinus
275 2529 428 2564 maximae,
452 2528 507 2559 sed
529 2528 589 2558 4⁸¹.
609 2527 670 2559 59'.
687 2527 754 2559 85''.
783 2534 829 2558 est
851 2528 1001 2559 minimus

164 2570 372 2601 inclinationis
385 2571 522 2611 angulus
535 2571 590 2601 ubi
607 2571 701 2601 Luna
715 2576 762 2601 est
774 2570 809 2600 in
823 2571 954 2611 syzygiis
969 2577 1000 2601 et

165 2613 225 2644 ὅς’.
249 2612 305 2645 17'.
323 2613 390 2644 20⁰.
408 2619 454 2644 est
467 2613 632 2644 maximus.
680 2615 764 2652 Ergo
779 2615 843 2655 fiat
867 2614 899 2644 A
914 2615 946 2644 B
959 2617 1000 2644 ad

166 2657 198 2687 A
211 2657 247 2688 D
262 2662 298 2687 ue
311 2658 396 2688 ainus
407 2659 569 2695 graduum
583 2656 644 2686 4¹⁰
663 2655 723 2687 59'.
743 2655 822 2692 85¹¹„
839 2656 895 2686 διε.

208 2698 256 2739 (9)
273 2700 361 2730 Huic
375 2700 451 2730 orbis
464 2700 656 2730 inclinationi
670 2700 794 2738 aequalis
807 2705 850 2729 est
864 2699 998 2738 &uadem

164 2742 331 2776 inclinatio,
347 2743 400 2774 ubi
410 2743 507 2773 Luna
521 2743 620 2773 distat.
641 2741 721 2773 90⁸¹.
739 2751 759 2770 a
791 2742 887 2771 nodia.
934 2741 997 2771 Mi-

166 2782 253 2813 nima
265 2782 424 2814 inclinatio
438 2785 493 2814 ubi
503 2784 598 2815 Luna
611 2784 704 2814 distat
719 2783 799 2815 903‘.
817 2794 836 2813 a
850 2783 940 2813 nodis
953 2790 999 2814 est

166 2825 222 2857 ubi
232 2825 307 2856 nodi
315 2832 389 2856 sunt
401 2825 434 2856 in
448 2826 651 2866 quadraturis,
663 2826 882 2867 nonagesimus
891 2832 996 2856 autem

166 2878 186 2899 a
199 2867 289 2898 nodis
302 2867 418 2908 gradus
431 2869 561 2899 incidit'
552 2879 585 2899 ιιι
599 2870 697 2909 ipsam
711 2868 877 2909 syzygiam,
893 2869 997 2908 itaque

166 2910 296 2941 minima
315 2910 475 2942 inclinatio
494 2911 602 2942 eadem
625 2918 672 2942 est
695 2922 731 2942 ac
755 2911 789 2941 in
812 2911 998 2949 praecedenti

166 2963 260 2991 casu;
281 2953 418 2983 maxima
431 2952 503 2984 vero
516 2953 675 2986 inclinatio
689 2959 735 2984 est
748 2953 821 2984 cum
836 2954 909 2984 nodi
924 2960 998 2984 sunt

164 2995 200 3026 in
213 2995 287 3036 ipsis
300 2995 441 3036 syzygiis,
463 3001 496 3026 et
516 2997 734 3037 nonagesimus
748 3006 767 3026 a
780 2995 871 3026 nodis
884 2995 999 3036 gradus

166 3044 243 3070 tunc
267 3038 394 3079 quidem
417 3037 526 3068 incidit
548 3038 582 3068 in
605 3038 815 3079 quadratum
845 3039 898 3069 sed
923 3044 999 3069 tunc

165 3080 325 3112 inclinatio
338 3080 416 3111 nihil
431 3086 570 3111 mutatur
582 3090 621 3111 ex
634 3081 717 3111 vario
730 3081 791 3111 situ
808 3081 919 3116 Lunae‚
941 3081 999 3112 ita-

166 3132 228 3164 que
251 3123 360 3155 eadem
385 3129 441 3163 est,
466 3123 530 3154 sive
545 3123 639 3154 Luna
662 3123 696 3153 in
721 3123 853 3164 syzygiis
877 3124 940 3154 sive
965 3125 998 3154 in

1045 1585 1238 1626 quadraturis
1266 1591 1411 1623 versetur,
1449 1585 1557 1616 eadem
1587 1596 1662 1626 ergo
1697 1592 1743 1616 eet
1769 1586 1883 1616 iterum

1044 1628 1181 1658 maxima
1190 1628 1349 1658 inclinatio
1363 1639 1399 1658 ac
1413 1628 1446 1658 in
1461 1638 1532 1658 casu
1543 1628 1738 1667 praecedenti,
1752 1627 1884 1668 ideoque

1044 1671 1079 1700 in
1093 1671 1152 1700 hoc
1167 1679 1240 1700 casu
1258 1671 1288 1700 A
1304 1671 1333 1701 B
1349 1677 1380 1701 et
1397 1671 1427 1701 A
1444 1671 1476 1701 D
1488 1670 1595 1701 eadem
1611 1670 1795 1701 assumenda
1811 1676 1884 1700 sunt

1044 1723 1081 1743 ac
1095 1713 1128 1742 in
1143 1723 1216 1743 casu
1231 1712 1433 1751 praecedenti:
1453 1713 1608 1752 reliquum
1622 1713 1818 1743 ratiocinium
1833 1713 1884 1743 hic

1045 1754 1138 1785 etiam
1160 1754 1341 1793 adplicatur,
1367 1765 1439 1785 nam
1461 1755 1602 1795 quamvis
1622 1761 1746 1794 tempus
1767 1755 1884 1785 reditus

1046 1797 1149 1828 Lunae
1164 1797 1203 1827 ad
1219 1797 1455 1837 nonagesimum
1477 1808 1496 1827 a
1516 1797 1601 1828 nodo
1615 1797 1748 1838 gradum
1762 1797 1883 1828 brevior

1045 1840 1086 1870 sit
1099 1846 1237 1879 tempore
1252 1840 1319 1880 ejus
1333 1839 1450 1870 reditus
1464 1839 1503 1870 ad
1518 1841 1674 1880 syzygiam
1697 1840 1760 1870 sive
1777 1850 1884 1877 mense

1046 1882 1202 1921 synodico,
1225 1882 1378 1921 siquidem
1399 1893 1507 1912 mense
1521 1882 1677 1921 periodico
1699 1883 1791 1912 etiam
1813 1884 1883 1913 bre-

1045 1925 1112 1955 vior
1126 1931 1180 1961 est,
1203 1933 1308 1954 tamen
1322 1925 1373 1954 hic
1387 1935 1477 1955 casus
1491 1925 1530 1955 ad
1546 1925 1701 1955 fictionem
1721 1925 1883 1955 Corollarii

1046 1967 1174 1998 secundi
1188 1968 1288 2007 magis
1302 1967 1429 2004 accedit,
1445 1967 1478 1996 in
1493 1977 1556 2007 quo
1571 1977 1684 2006 nempe
1698 1967 1883 2005 supponitur

1045 2010 1164 2040 nodum
1189 2016 1256 2040 toto
1280 2020 1388 2040 mense
1416 2009 1591 2040 sensibilem
1617 2010 1698 2039 viam
1725 2019 1788 2039 non
1818 2020 1883 2039 esse

1046 2062 1217 2089 emensum,
1247 2051 1332 2092 quod
1360 2051 1488 2092 quidem
1516 2053 1690 2082 accuratius
1715 2052 1834 2082 dicetur
1857 2053 1883 2082 si

1044 2101 1218 2125 assumatur
1238 2094 1355 2124 reditus
1370 2094 1474 2125 Lunae
1495 2093 1536 2124 ad
1556 2094 1702 2124 eumdem
1724 2094 1818 2124 situm
1834 2104 1883 2124 re-

1045 2143 1151 2176 spectu
1163 2136 1257 2174 nodi;
1273 2137 1324 2167 hic
1338 2147 1413 2176 ergo
1427 2136 1536 2166 eadem
1548 2137 1736 2167 constructio
1749 2146 1786 2166 ac
1799 2136 1883 2175 prior

1046 2179 1155 2218 potiori
1165 2179 1237 2219 jure
1252 2179 1310 2208 erit
1324 2178 1506 2208 adhibenda.

1086 2221 1127 2262 (f)
1146 2224 1161 2240 *
1175 2223 1216 2251 In
1226 2223 1340 2251 calculo
1351 2222 1521 2251 lataudinis
1532 2226 1752 2260 compensatur,
1764 2226 1793 2251 et
1807 2232 1882 2261 quo-

1044 2265 1201 2294 dammodo
1223 2264 1340 2293 tollitur
1356 2273 1415 2302 per
1429 2264 1667 2302 inaequalitatem
1689 2269 1882 2294 menstruam

1044 2311 1144 2336 motus
1159 2307 1320 2336 nodorum.
1371 2303 1519 2343 Calculus
1533 2304 1706 2334 latitudinis
1719 2304 1766 2341 fit,
1782 2304 1882 2344 posita

1044 2347 1246 2378 inclinatione
1267 2345 1375 2377 orbitoe
1388 2346 1508 2377 lunaris
1520 2346 1561 2377 ad
1574 2346 1705 2386 planum
1719 2347 1879 2387 eclipticoe‚

1040 3003 1071 3027 et
1092 2999 1250 3039 assumpta
1264 2999 1410 3031 distantia
1425 2999 1529 3031 Lunae
1549 3011 1569 3032 a
1589 3001 1673 3033 nodo
1680 3013 1691 3040 ;
1713 3002 1787 3034 hinc
1808 3002 1880 3033 lati-

1041 3040 1119 3071 tudo
1141 3041 1244 3072 Lunae
1269 3043 1435 3080 obtinetur,
1459 3053 1531 3083 quae
1556 3046 1665 3075 crescit
1688 3055 1708 3076 a
1730 3045 1813 3076 nodo
1838 3045 1878 3075 ad

1041 3083 1172 3122 gradum
1196 3095 1215 3115 a
1240 3085 1323 3115 nodo
1349 3086 1598 3126 nonagesimum,
1628 3087 1703 3118 inde
1731 3087 1878 3118 decrescit

1041 3125 1216 3157 accedendo
1239 3127 1277 3158 ad
1301 3127 1434 3158 alterum
1463 3128 1592 3166 nodum,
1619 3130 1674 3160 ἃς.
1725 3130 1878 3161 Procedat

988 3181 1061 3212 133
