<?xml version="1.0" encoding="UTF-8"?>
<!DOCTYPE html PUBLIC "-//W3C//DTD XHTML 1.0 Transitional//EN"
    "http://www.w3.org/TR/xhtml1/DTD/xhtml1-transitional.dtd">
<html xmlns="http://www.w3.org/1999/xhtml" xml:lang="en" lang="en">
 <head>
  <title>
</title>
<meta http-equiv="Content-Type" content="text/html;charset=utf-8" />
  <meta name='ocr-system' content='tesseract 3.04.00' />
  <meta name='ocr-capabilities' content='ocr_page ocr_carea ocr_par ocr_line ocrx_word'/>
</head>
<body>
  <div class='ocr_page' id='page_1' title='image "./philosophiaenatu04newtuoft_0015.png"; bbox 0 0 2072 3522; ppageno 0'>
   <div class='ocr_carea' id='block_1_1' title="bbox 376 241 1839 294">
    <p class='ocr_par' dir='ltr' id='par_1_1' title="bbox 376 241 1839 294">
     <span class='ocr_line' id='line_1_1' title="bbox 376 241 1839 294; baseline 0.007 -10"><span class='ocrx_word' id='word_1_1' title='bbox 376 241 465 284; x_wconf 77' lang='lat' dir='ltr'><strong>AD</strong></span> <span class='ocrx_word' id='word_1_2' title='bbox 495 242 686 286; x_wconf 89' lang='lat' dir='ltr'><strong>LUNAE</strong></span> <span class='ocrx_word' id='word_1_3' title='bbox 717 243 1061 287; x_wconf 90' lang='lat' dir='ltr'><strong>THEORIAM</strong></span> <span class='ocrx_word' id='word_1_4' title='bbox 1090 244 1594 291; x_wconf 90' lang='lat' dir='ltr'><strong>NEWTONIANAM.</strong></span> <span class='ocrx_word' id='word_1_5' title='bbox 1811 266 1839 294; x_wconf 84' lang='lat' dir='ltr'><strong>v</strong></span> 
     </span>
    </p>
   </div>
   <div class='ocr_carea' id='block_1_2' title="bbox 101 353 1838 3081">
    <p class='ocr_par' dir='ltr' id='par_1_2' title="bbox 126 353 1838 491">
     <span class='ocr_line' id='line_1_2' title="bbox 126 353 1838 423; baseline 0.005 -25"><span class='ocrx_word' id='word_1_6' title='bbox 126 353 288 414; x_wconf 85' lang='lat' dir='ltr'><strong>legibus</strong></span> <span class='ocrx_word' id='word_1_7' title='bbox 316 357 544 399; x_wconf 84' lang='lat' dir='ltr'><strong>secundum</strong></span> <span class='ocrx_word' id='word_1_8' title='bbox 577 359 690 414; x_wconf 90' lang='lat' dir='ltr'><strong>ipsos</strong></span> <span class='ocrx_word' id='word_1_9' title='bbox 721 359 1004 401; x_wconf 83' lang='lat' dir='ltr'><strong>observatores</strong></span> <span class='ocrx_word' id='word_1_10' title='bbox 1036 360 1118 402; x_wconf 91' lang='lat' dir='ltr'><strong>sint</strong></span> <span class='ocrx_word' id='word_1_11' title='bbox 1149 361 1370 412; x_wconf 66' lang='lat' dir='ltr'><strong>adstrictae,</strong></span> <span class='ocrx_word' id='word_1_12' title='bbox 1403 377 1505 404; x_wconf 92' lang='lat' dir='ltr'><strong>mox</strong></span> <span class='ocrx_word' id='word_1_13' title='bbox 1536 363 1663 405; x_wconf 82' lang='lat' dir='ltr'><strong>tradit</strong></span> <span class='ocrx_word' id='word_1_14' title='bbox 1696 365 1838 423; x_wconf 85' lang='lat' dir='ltr'><strong>quales</strong></span> 
     </span>
     <span class='ocr_line' id='line_1_3' title="bbox 126 425 1656 491; baseline 0.005 -23"><span class='ocrx_word' id='word_1_15' title='bbox 126 427 378 484; x_wconf 79' lang='lat' dir='ltr'><strong>aequationes</strong></span> <span class='ocrx_word' id='word_1_16' title='bbox 398 443 452 470; x_wconf 90' lang='lat' dir='ltr'><strong>ex</strong></span> <span class='ocrx_word' id='word_1_17' title='bbox 471 429 554 470; x_wconf 83' lang='lat' dir='ltr'><strong>suis</strong></span> <span class='ocrx_word' id='word_1_18' title='bbox 575 429 741 471; x_wconf 88' lang='lat' dir='ltr'><strong>calculis</strong></span> <span class='ocrx_word' id='word_1_19' title='bbox 762 439 975 488; x_wconf 81' lang='lat' dir='ltr'><strong>emergant</strong></span> <span class='ocrx_word' id='word_1_20' title='bbox 993 438 1036 472; x_wconf 90' lang='lat' dir='ltr'><strong>et</strong></span> <span class='ocrx_word' id='word_1_21' title='bbox 1055 425 1247 487; x_wconf 82' lang='lat' dir='ltr'><strong>quaenam</strong></span> <span class='ocrx_word' id='word_1_22' title='bbox 1268 433 1351 474; x_wconf 88' lang='lat' dir='ltr'><strong>sint</strong></span> <span class='ocrx_word' id='word_1_23' title='bbox 1370 447 1513 475; x_wconf 86' lang='lat' dir='ltr'><strong>earum</strong></span> <span class='ocrx_word' id='word_1_24' title='bbox 1531 434 1656 491; x_wconf 87' lang='lat' dir='ltr'><strong>leges.</strong></span> 
     </span>
    </p>

    <p class='ocr_par' dir='ltr' id='par_1_3' title="bbox 121 498 1836 987">
     <span class='ocr_line' id='line_1_4' title="bbox 183 498 1836 560; baseline 0.005 -21"><span class='ocrx_word' id='word_1_25' title='bbox 183 498 328 554; x_wconf 90' lang='lat' dir='ltr'><strong>Ipsum</strong></span> <span class='ocrx_word' id='word_1_26' title='bbox 347 507 429 540; x_wconf 82' lang='lat' dir='ltr'><strong>tam</strong></span> <span class='ocrx_word' id='word_1_27' title='bbox 451 500 804 542; x_wconf 90' lang='lat' dir='ltr'><strong>observationibus</strong></span> <span class='ocrx_word' id='word_1_28' title='bbox 822 510 918 543; x_wconf 88' lang='lat' dir='ltr'><strong>ante</strong></span> <span class='ocrx_word' id='word_1_29' title='bbox 937 501 1074 558; x_wconf 92' lang='lat' dir='ltr'><strong>ipsum</strong></span> <span class='ocrx_word' id='word_1_30' title='bbox 1094 503 1302 554; x_wconf 89' lang='lat' dir='ltr'><strong>institutis,</strong></span> <span class='ocrx_word' id='word_1_31' title='bbox 1334 518 1459 560; x_wconf 89' lang='lat' dir='ltr'><strong>quam</strong></span> <span class='ocrx_word' id='word_1_32' title='bbox 1478 504 1836 549; x_wconf 89' lang='lat' dir='ltr'><strong>observationibus</strong></span> 
     </span>
     <span class='ocr_line' id='line_1_5' title="bbox 128 571 1834 631; baseline 0.005 -18"><span class='ocrx_word' id='word_1_33' title='bbox 128 571 442 614; x_wconf 78' lang='lat' dir='ltr'><strong>Flamstedianis</strong></span> <span class='ocrx_word' id='word_1_34' title='bbox 477 586 599 615; x_wconf 84' lang='lat' dir='ltr'><strong>usum</strong></span> <span class='ocrx_word' id='word_1_35' title='bbox 627 586 716 615; x_wconf 84' lang='lat' dir='ltr'><strong>esse</strong></span> <span class='ocrx_word' id='word_1_36' title='bbox 744 583 916 627; x_wconf 86' lang='lat' dir='ltr'><strong>constat,</strong></span> <span class='ocrx_word' id='word_1_37' title='bbox 946 576 1033 619; x_wconf 81' lang='lat' dir='ltr'><strong>imo</strong></span> <span class='ocrx_word' id='word_1_38' title='bbox 1061 584 1103 617; x_wconf 89' lang='lat' dir='ltr'><strong>et</strong></span> <span class='ocrx_word' id='word_1_39' title='bbox 1129 577 1267 631; x_wconf 86' lang='lat' dir='ltr'><strong>ipsum</strong></span> <span class='ocrx_word' id='word_1_40' title='bbox 1296 578 1447 619; x_wconf 87' lang='lat' dir='ltr'>exinde</span> <span class='ocrx_word' id='word_1_41' title='bbox 1477 578 1637 620; x_wconf 85' lang='lat' dir='ltr'><strong>tabulas</strong></span> <span class='ocrx_word' id='word_1_42' title='bbox 1670 579 1834 621; x_wconf 87' lang='lat' dir='ltr'><strong>lunares</strong></span> 
     </span>
     <span class='ocr_line' id='line_1_6' title="bbox 124 643 1834 706; baseline 0.005 -22"><span class='ocrx_word' id='word_1_43' title='bbox 124 643 203 684; x_wconf 83' lang='lat' dir='ltr'><strong>sibi</strong></span> <span class='ocrx_word' id='word_1_44' title='bbox 221 644 499 685; x_wconf 83' lang='lat' dir='ltr'><strong>construxisse</strong></span> <span class='ocrx_word' id='word_1_45' title='bbox 515 644 655 700; x_wconf 85' lang='lat' dir='ltr'><strong>liquet,</strong></span> <span class='ocrx_word' id='word_1_46' title='bbox 687 659 741 686; x_wconf 88' lang='lat' dir='ltr'><strong>ex</strong></span> <span class='ocrx_word' id='word_1_47' title='bbox 768 647 917 702; x_wconf 89' lang='lat' dir='ltr'><strong>quibus</strong></span> <span class='ocrx_word' id='word_1_48' title='bbox 936 647 1068 689; x_wconf 80' lang='lat' dir='ltr'><strong>multa</strong></span> <span class='ocrx_word' id='word_1_49' title='bbox 1086 646 1245 703; x_wconf 86' lang='lat' dir='ltr'><strong>profert</strong></span> <span class='ocrx_word' id='word_1_50' title='bbox 1264 663 1440 704; x_wconf 90' lang='lat' dir='ltr'><strong>quarum</strong></span> <span class='ocrx_word' id='word_1_51' title='bbox 1459 649 1657 706; x_wconf 85' lang='lat' dir='ltr'>pleraque</span> <span class='ocrx_word' id='word_1_52' title='bbox 1678 651 1722 692; x_wconf 92' lang='lat' dir='ltr'><strong>in</strong></span> <span class='ocrx_word' id='word_1_53' title='bbox 1744 652 1834 693; x_wconf 89' lang='lat' dir='ltr'><strong>Ru-</strong></span> 
     </span>
     <span class='ocr_line' id='line_1_7' title="bbox 124 718 1833 781; baseline 0.004 -22"><span class='ocrx_word' id='word_1_54' title='bbox 124 718 345 773; x_wconf 89' lang='lat' dir='ltr'><strong>dolphinis,</strong></span> <span class='ocrx_word' id='word_1_55' title='bbox 383 726 454 760; x_wconf 91' lang='lat' dir='ltr'><strong>aut</strong></span> <span class='ocrx_word' id='word_1_56' title='bbox 481 718 525 758; x_wconf 90' lang='lat' dir='ltr'><strong>in</strong></span> <span class='ocrx_word' id='word_1_57' title='bbox 555 718 803 761; x_wconf 85' lang='lat' dir='ltr'><strong>Ludoviceis</strong></span> <span class='ocrx_word' id='word_1_58' title='bbox 832 721 982 765; x_wconf 82' lang='lat' dir='ltr'><strong>tabulis</strong></span> <span class='ocrx_word' id='word_1_59' title='bbox 1012 720 1132 763; x_wconf 86' lang='lat' dir='ltr'><strong>facile</strong></span> <span class='ocrx_word' id='word_1_60' title='bbox 1158 734 1245 762; x_wconf 89' lang='lat' dir='ltr'><strong>non</strong></span> <span class='ocrx_word' id='word_1_61' title='bbox 1274 723 1598 777; x_wconf 89' lang='lat' dir='ltr'><strong>comperiuntur,</strong></span> <span class='ocrx_word' id='word_1_62' title='bbox 1635 724 1708 765; x_wconf 91' lang='lat' dir='ltr'><strong>sed</strong></span> <span class='ocrx_word' id='word_1_63' title='bbox 1739 740 1833 781; x_wconf 90' lang='lat' dir='ltr'><strong>quae</strong></span> 
     </span>
     <span class='ocr_line' id='line_1_8' title="bbox 122 790 1832 851; baseline 0.004 -20"><span class='ocrx_word' id='word_1_64' title='bbox 122 790 303 832; x_wconf 76' lang='lat' dir='ltr'><strong>maxime</strong></span> <span class='ocrx_word' id='word_1_65' title='bbox 335 791 598 832; x_wconf 87' lang='lat' dir='ltr'><strong>consentiunt</strong></span> <span class='ocrx_word' id='word_1_66' title='bbox 627 805 724 833; x_wconf 91' lang='lat' dir='ltr'><strong>cum</strong></span> <span class='ocrx_word' id='word_1_67' title='bbox 751 793 870 834; x_wconf 82' lang='lat' dir='ltr'><strong>novis</strong></span> <span class='ocrx_word' id='word_1_68' title='bbox 891 793 949 834; x_wconf 90' lang='lat' dir='ltr'><strong>ill.</strong></span> <span class='ocrx_word' id='word_1_69' title='bbox 973 794 1135 836; x_wconf 85' lang='lat' dir='ltr'><strong>Cassini</strong></span> <span class='ocrx_word' id='word_1_70' title='bbox 1154 794 1318 845; x_wconf 80' lang='lat' dir='ltr'><strong>tabulis,</strong></span> <span class='ocrx_word' id='word_1_71' title='bbox 1350 795 1407 835; x_wconf 85' lang='lat' dir='ltr'><strong>ita</strong></span> <span class='ocrx_word' id='word_1_72' title='bbox 1436 803 1483 836; x_wconf 92' lang='lat' dir='ltr'><strong>ut</strong></span> <span class='ocrx_word' id='word_1_73' title='bbox 1510 810 1594 851; x_wconf 92' lang='lat' dir='ltr'><strong>quo</strong></span> <span class='ocrx_word' id='word_1_74' title='bbox 1611 796 1832 851; x_wconf 79' lang='lat' dir='ltr'><strong>perfectius</strong></span> 
     </span>
     <span class='ocr_line' id='line_1_9' title="bbox 122 859 1831 920; baseline 0.004 -18"><span class='ocrx_word' id='word_1_75' title='bbox 122 861 218 903; x_wconf 86' lang='lat' dir='ltr'><strong>coeli</strong></span> <span class='ocrx_word' id='word_1_76' title='bbox 249 870 386 903; x_wconf 81' lang='lat' dir='ltr'><strong>motus</strong></span> <span class='ocrx_word' id='word_1_77' title='bbox 418 862 668 919; x_wconf 86' lang='lat' dir='ltr'><strong>dignoscunt</strong></span> <span class='ocrx_word' id='word_1_78' title='bbox 698 864 936 915; x_wconf 79' lang='lat' dir='ltr'><strong>astronomi,</strong></span> <span class='ocrx_word' id='word_1_79' title='bbox 971 879 1020 905; x_wconf 93' lang='lat' dir='ltr'><strong>eo</strong></span> <span class='ocrx_word' id='word_1_80' title='bbox 1040 859 1222 920; x_wconf 23' lang='lat' dir='ltr'><strong>*propius</strong></span> <span class='ocrx_word' id='word_1_81' title='bbox 1254 864 1308 905; x_wconf 85' lang='lat' dir='ltr'><strong>ad</strong></span> <span class='ocrx_word' id='word_1_82' title='bbox 1339 864 1632 907; x_wconf 74' lang='lat' dir='ltr'><strong>Newtonianas</strong></span> <span class='ocrx_word' id='word_1_83' title='bbox 1652 866 1831 910; x_wconf 85' lang='lat' dir='ltr'><strong>theorias</strong></span> 
     </span>
     <span class='ocr_line' id='line_1_10' title="bbox 121 932 712 987; baseline 0.002 -14"><span class='ocrx_word' id='word_1_84' title='bbox 121 932 316 982; x_wconf 71' lang='lat' dir='ltr'><strong>accedere</strong></span> <span class='ocrx_word' id='word_1_85' title='bbox 335 932 712 987; x_wconf 81' lang='lat' dir='ltr'><strong>deprehendantur.</strong></span> 
     </span>
    </p>

    <p class='ocr_par' dir='ltr' id='par_1_4' title="bbox 116 1005 1832 1335">
     <span class='ocr_line' id='line_1_11' title="bbox 179 1005 1830 1062; baseline 0.002 -15"><span class='ocrx_word' id='word_1_86' title='bbox 179 1005 243 1047; x_wconf 91' lang='lat' dir='ltr'><strong>Ut</strong></span> <span class='ocrx_word' id='word_1_87' title='bbox 274 1006 412 1062; x_wconf 88' lang='lat' dir='ltr'><strong>itaque</strong></span> <span class='ocrx_word' id='word_1_88' title='bbox 445 1006 554 1048; x_wconf 91' lang='lat' dir='ltr'><strong>Solis</strong></span> <span class='ocrx_word' id='word_1_89' title='bbox 585 1006 756 1048; x_wconf 90' lang='lat' dir='ltr'><strong>actionis</strong></span> <span class='ocrx_word' id='word_1_90' title='bbox 787 1006 832 1047; x_wconf 86' lang='lat' dir='ltr'><strong>in</strong></span> <span class='ocrx_word' id='word_1_91' title='bbox 866 1006 1032 1049; x_wconf 84' lang='lat' dir='ltr'><strong>Lunam</strong></span> <span class='ocrx_word' id='word_1_92' title='bbox 1063 1015 1104 1049; x_wconf 91' lang='lat' dir='ltr'><strong>et</strong></span> <span class='ocrx_word' id='word_1_93' title='bbox 1137 1008 1224 1062; x_wconf 90' lang='lat' dir='ltr'><strong>ejus</strong></span> <span class='ocrx_word' id='word_1_94' title='bbox 1257 1007 1435 1049; x_wconf 87' lang='lat' dir='ltr'><strong>orbitam</strong></span> <span class='ocrx_word' id='word_1_95' title='bbox 1466 1007 1668 1050; x_wconf 79' lang='lat' dir='ltr'><strong>habeatur</strong></span> <span class='ocrx_word' id='word_1_96' title='bbox 1702 1011 1807 1052; x_wconf 87' lang='lat' dir='ltr'><strong>ratio</strong></span> <span class='ocrx_word' id='word_1_97' title='bbox 1818 1026 1830 1060; x_wconf 88' lang='lat'>3</span> 
     </span>
     <span class='ocr_line' id='line_1_12' title="bbox 116 1077 1830 1138; baseline 0.005 -20"><span class='ocrx_word' id='word_1_98' title='bbox 116 1077 300 1132; x_wconf 92' lang='lat' dir='ltr'><strong>primum</strong></span> <span class='ocrx_word' id='word_1_99' title='bbox 329 1078 653 1132; x_wconf 21' lang='lat' dir='ltr'><strong>fiatfabstractio</strong></span> <span class='ocrx_word' id='word_1_100' title='bbox 683 1080 1001 1122; x_wconf 84' lang='lat' dir='ltr'><strong>excentricitatis</strong></span> <span class='ocrx_word' id='word_1_101' title='bbox 1031 1080 1178 1122; x_wconf 85' lang='lat' dir='ltr'><strong>orbitae</strong></span> <span class='ocrx_word' id='word_1_102' title='bbox 1206 1088 1291 1122; x_wconf 88' lang='lat' dir='ltr'><strong>tam</strong></span> <span class='ocrx_word' id='word_1_103' title='bbox 1322 1080 1505 1123; x_wconf 87' lang='lat' dir='ltr'><strong>Telluris</strong></span> <span class='ocrx_word' id='word_1_104' title='bbox 1535 1082 1659 1138; x_wconf 74' lang='lat' dir='ltr'><strong>quam</strong></span> <span class='ocrx_word' id='word_1_105' title='bbox 1680 1084 1830 1135; x_wconf 88' lang='lat' dir='ltr'><strong>Lunae,</strong></span> 
     </span>
     <span class='ocr_line' id='line_1_13' title="bbox 119 1148 1832 1211; baseline 0.004 -22"><span class='ocrx_word' id='word_1_106' title='bbox 119 1148 443 1204; x_wconf 86' lang='lat' dir='ltr'><strong>deprehenditur</strong></span> <span class='ocrx_word' id='word_1_107' title='bbox 476 1151 588 1207; x_wconf 90' lang='lat' dir='ltr'><strong>quod</strong></span> <span class='ocrx_word' id='word_1_108' title='bbox 624 1165 680 1192; x_wconf 91' lang='lat' dir='ltr'><strong>ex</strong></span> <span class='ocrx_word' id='word_1_109' title='bbox 715 1151 823 1193; x_wconf 91' lang='lat' dir='ltr'><strong>Solis</strong></span> <span class='ocrx_word' id='word_1_110' title='bbox 855 1151 1018 1192; x_wconf 86' lang='lat' dir='ltr'><strong>actione</strong></span> <span class='ocrx_word' id='word_1_111' title='bbox 1051 1151 1203 1192; x_wconf 87' lang='lat' dir='ltr'><strong>mensis</strong></span> <span class='ocrx_word' id='word_1_112' title='bbox 1234 1152 1468 1206; x_wconf 85' lang='lat' dir='ltr'><strong>periodicus</strong></span> <span class='ocrx_word' id='word_1_113' title='bbox 1500 1153 1636 1194; x_wconf 90' lang='lat' dir='ltr'><strong>Lunae</strong></span> <span class='ocrx_word' id='word_1_114' title='bbox 1667 1154 1832 1211; x_wconf 87' lang='lat' dir='ltr'><strong>longior</strong></span> 
     </span>
     <span class='ocr_line' id='line_1_14' title="bbox 118 1222 1830 1282; baseline 0.002 -19"><span class='ocrx_word' id='word_1_115' title='bbox 118 1222 264 1264; x_wconf 81' lang='lat' dir='ltr'><strong>evadat</strong></span> <span class='ocrx_word' id='word_1_116' title='bbox 283 1231 326 1265; x_wconf 87' lang='lat' dir='ltr'><strong>et</strong></span> <span class='ocrx_word' id='word_1_117' title='bbox 345 1225 432 1279; x_wconf 90' lang='lat' dir='ltr'><strong>ejus</strong></span> <span class='ocrx_word' id='word_1_118' title='bbox 452 1224 589 1265; x_wconf 90' lang='lat' dir='ltr'><strong>orbita</strong></span> <span class='ocrx_word' id='word_1_119' title='bbox 609 1238 662 1265; x_wconf 91' lang='lat' dir='ltr'><strong>ex</strong></span> <span class='ocrx_word' id='word_1_120' title='bbox 682 1224 874 1265; x_wconf 85' lang='lat' dir='ltr'><strong>circulari</strong></span> <span class='ocrx_word' id='word_1_121' title='bbox 893 1224 935 1264; x_wconf 92' lang='lat' dir='ltr'><strong>in</strong></span> <span class='ocrx_word' id='word_1_122' title='bbox 956 1223 1134 1278; x_wconf 82' lang='lat' dir='ltr'><strong>ellipsim</strong></span> <span class='ocrx_word' id='word_1_123' title='bbox 1147 1232 1342 1274; x_wconf 91' lang='lat' dir='ltr'><strong>mutetur,</strong></span> <span class='ocrx_word' id='word_1_124' title='bbox 1366 1225 1481 1280; x_wconf 88' lang='lat' dir='ltr'><strong>cujus</strong></span> <span class='ocrx_word' id='word_1_125' title='bbox 1497 1239 1594 1266; x_wconf 79' lang='lat' dir='ltr'><strong>axes</strong></span> <span class='ocrx_word' id='word_1_126' title='bbox 1609 1240 1686 1280; x_wconf 90' lang='lat' dir='ltr'><strong>per</strong></span> <span class='ocrx_word' id='word_1_127' title='bbox 1703 1226 1830 1282; x_wconf 92' lang='lat' dir='ltr'><strong>Prop.</strong></span> 
     </span>
     <span class='ocr_line' id='line_1_15' title="bbox 119 1291 756 1335; baseline 0.003 -2"><span class='ocrx_word' id='word_1_128' title='bbox 119 1291 343 1334; x_wconf 91' lang='lat' dir='ltr'><strong>XXVIII.</strong></span> <span class='ocrx_word' id='word_1_129' title='bbox 365 1302 461 1335; x_wconf 91' lang='lat' dir='ltr'><strong>sunt</strong></span> <span class='ocrx_word' id='word_1_130' title='bbox 481 1294 756 1335; x_wconf 89' lang='lat' dir='ltr'><strong>determinati.</strong></span> 
     </span>
    </p>

    <p class='ocr_par' dir='ltr' id='par_1_5' title="bbox 114 1362 1832 1776">
     <span class='ocr_line' id='line_1_16' title="bbox 175 1362 1832 1422; baseline 0.002 -18"><span class='ocrx_word' id='word_1_131' title='bbox 175 1362 381 1414; x_wconf 77' lang='lat' dir='ltr'><strong>Secundo,</strong></span> <span class='ocrx_word' id='word_1_132' title='bbox 404 1371 487 1404; x_wconf 90' lang='lat' dir='ltr'><strong>tam</strong></span> <span class='ocrx_word' id='word_1_133' title='bbox 508 1378 561 1404; x_wconf 89' lang='lat' dir='ltr'><strong>ex</strong></span> <span class='ocrx_word' id='word_1_134' title='bbox 582 1363 630 1405; x_wconf 70' lang='lat' dir='ltr'><strong>ea</strong></span> <span class='ocrx_word' id='word_1_135' title='bbox 650 1363 784 1421; x_wconf 70' lang='lat' dir='ltr'><strong>figura</strong></span> <span class='ocrx_word' id='word_1_136' title='bbox 807 1378 932 1419; x_wconf 90' lang='lat' dir='ltr'><strong>quam</strong></span> <span class='ocrx_word' id='word_1_137' title='bbox 946 1363 1079 1405; x_wconf 89' lang='lat' dir='ltr'><strong>orbita</strong></span> <span class='ocrx_word' id='word_1_138' title='bbox 1095 1364 1230 1405; x_wconf 86' lang='lat' dir='ltr'><strong>Lunae</strong></span> <span class='ocrx_word' id='word_1_139' title='bbox 1245 1364 1392 1415; x_wconf 88' lang='lat' dir='ltr'><strong>induit,</strong></span> <span class='ocrx_word' id='word_1_140' title='bbox 1415 1380 1611 1422; x_wconf 86' lang='lat' dir='ltr'><strong>quamex</strong></span> <span class='ocrx_word' id='word_1_141' title='bbox 1631 1367 1832 1409; x_wconf 85' lang='lat' dir='ltr'><strong>accelera-</strong></span> 
     </span>
     <span class='ocr_line' id='line_1_17' title="bbox 115 1433 1832 1494; baseline 0.003 -20"><span class='ocrx_word' id='word_1_142' title='bbox 115 1433 228 1475; x_wconf 88' lang='lat' dir='ltr'><strong>tione</strong></span> <span class='ocrx_word' id='word_1_143' title='bbox 267 1434 402 1475; x_wconf 82' lang='lat' dir='ltr'><strong>Lunoe</strong></span> <span class='ocrx_word' id='word_1_144' title='bbox 433 1449 511 1489; x_wconf 91' lang='lat' dir='ltr'><strong>per</strong></span> <span class='ocrx_word' id='word_1_145' title='bbox 541 1448 634 1475; x_wconf 88' lang='lat' dir='ltr'><strong>eam</strong></span> <span class='ocrx_word' id='word_1_146' title='bbox 663 1443 825 1490; x_wconf 86' lang='lat' dir='ltr'><strong>partem</strong></span> <span class='ocrx_word' id='word_1_147' title='bbox 855 1435 1028 1475; x_wconf 89' lang='lat' dir='ltr'><strong>actionis</strong></span> <span class='ocrx_word' id='word_1_148' title='bbox 1066 1434 1174 1489; x_wconf 87' lang='lat' dir='ltr'><strong>Solis</strong></span> <span class='ocrx_word' id='word_1_149' title='bbox 1206 1449 1300 1490; x_wconf 87' lang='lat' dir='ltr'><strong>quae</strong></span> <span class='ocrx_word' id='word_1_150' title='bbox 1333 1435 1563 1476; x_wconf 90' lang='lat' dir='ltr'><strong>secundum</strong></span> <span class='ocrx_word' id='word_1_151' title='bbox 1593 1444 1832 1494; x_wconf 86' lang='lat' dir='ltr'><strong>tangentem</strong></span> 
     </span>
     <span class='ocr_line' id='line_1_18' title="bbox 115 1504 1828 1562; baseline 0.004 -18"><span class='ocrx_word' id='word_1_152' title='bbox 115 1504 262 1545; x_wconf 87' lang='lat' dir='ltr'><strong>orbitae</strong></span> <span class='ocrx_word' id='word_1_153' title='bbox 289 1504 445 1545; x_wconf 87' lang='lat' dir='ltr'><strong>lunaris</strong></span> <span class='ocrx_word' id='word_1_154' title='bbox 466 1505 669 1561; x_wconf 89' lang='lat' dir='ltr'><strong>dirigitur,</strong></span> <span class='ocrx_word' id='word_1_155' title='bbox 691 1506 874 1546; x_wconf 89' lang='lat' dir='ltr'><strong>nascitur</strong></span> <span class='ocrx_word' id='word_1_156' title='bbox 893 1506 1065 1547; x_wconf 84' lang='lat' dir='ltr'><strong>variatio</strong></span> <span class='ocrx_word' id='word_1_157' title='bbox 1087 1520 1212 1561; x_wconf 89' lang='lat' dir='ltr'><strong>quam</strong></span> <span class='ocrx_word' id='word_1_158' title='bbox 1229 1505 1379 1561; x_wconf 89' lang='lat' dir='ltr'><strong>Tycho</strong></span> <span class='ocrx_word' id='word_1_159' title='bbox 1393 1508 1553 1562; x_wconf 87' lang='lat' dir='ltr'><strong>primus</strong></span> <span class='ocrx_word' id='word_1_160' title='bbox 1584 1508 1828 1561; x_wconf 87' lang='lat' dir='ltr'><strong>observavit,</strong></span> 
     </span>
     <span class='ocr_line' id='line_1_19' title="bbox 115 1575 1830 1627; baseline 0.003 -10"><span class='ocrx_word' id='word_1_161' title='bbox 115 1584 158 1617; x_wconf 88' lang='lat' dir='ltr'><strong>et</strong></span> <span class='ocrx_word' id='word_1_162' title='bbox 185 1575 408 1616; x_wconf 81' lang='lat' dir='ltr'><strong>maximam</strong></span> <span class='ocrx_word' id='word_1_163' title='bbox 428 1575 472 1615; x_wconf 88' lang='lat' dir='ltr'><strong>in</strong></span> <span class='ocrx_word' id='word_1_164' title='bbox 491 1576 724 1617; x_wconf 90' lang='lat' dir='ltr'><strong>octantibus</strong></span> <span class='ocrx_word' id='word_1_165' title='bbox 755 1577 863 1627; x_wconf 47' lang='lat'><strong>405&#39;.</strong></span> <span class='ocrx_word' id='word_1_166' title='bbox 885 1576 1038 1626; x_wconf 87' lang='lat' dir='ltr'><strong>statuit,</strong></span> <span class='ocrx_word' id='word_1_167' title='bbox 1070 1576 1184 1617; x_wconf 89' lang='lat' dir='ltr'><strong>illam</strong></span> <span class='ocrx_word' id='word_1_168' title='bbox 1214 1576 1272 1617; x_wconf 89' lang='lat' dir='ltr'><strong>ill.</strong></span> <span class='ocrx_word' id='word_1_169' title='bbox 1298 1577 1494 1619; x_wconf 86' lang='lat' dir='ltr'><strong>Cassinus</strong></span> <span class='ocrx_word' id='word_1_170' title='bbox 1511 1577 1609 1620; x_wconf 85' lang='lat' dir='ltr'><strong>facit</strong></span> <span class='ocrx_word' id='word_1_171' title='bbox 1631 1580 1711 1620; x_wconf 79' lang='lat'><strong>33&#39;.</strong></span> <span class='ocrx_word' id='word_1_172' title='bbox 1734 1582 1830 1623; x_wconf 74' lang='lat'><strong>40⁰.</strong></span> 
     </span>
     <span class='ocr_line' id='line_1_20' title="bbox 114 1645 1831 1704; baseline 0.004 -18"><span class='ocrx_word' id='word_1_173' title='bbox 114 1645 158 1686; x_wconf 90' lang='lat' dir='ltr'><strong>in</strong></span> <span class='ocrx_word' id='word_1_174' title='bbox 180 1645 408 1687; x_wconf 87' lang='lat' dir='ltr'><strong>Elementis</strong></span> <span class='ocrx_word' id='word_1_175' title='bbox 428 1646 722 1697; x_wconf 81' lang='lat' dir='ltr'><strong>Astronomiae,</strong></span> <span class='ocrx_word' id='word_1_176' title='bbox 753 1661 846 1688; x_wconf 86' lang='lat' dir='ltr'><strong>eam</strong></span> <span class='ocrx_word' id='word_1_177' title='bbox 873 1646 974 1688; x_wconf 78' lang='lat' dir='ltr'><strong>vero</strong></span> <span class='ocrx_word' id='word_1_178' title='bbox 994 1647 1083 1702; x_wconf 91' lang='lat' dir='ltr'><strong>ipse</strong></span> <span class='ocrx_word' id='word_1_179' title='bbox 1105 1647 1333 1689; x_wconf 90' lang='lat' dir='ltr'><strong>Newtonus</strong></span> <span class='ocrx_word' id='word_1_180' title='bbox 1363 1649 1407 1689; x_wconf 93' lang='lat' dir='ltr'><strong>in</strong></span> <span class='ocrx_word' id='word_1_181' title='bbox 1436 1649 1656 1704; x_wconf 89' lang='lat' dir='ltr'><strong>hypothesi</strong></span> <span class='ocrx_word' id='word_1_182' title='bbox 1676 1651 1831 1694; x_wconf 83' lang='lat' dir='ltr'><strong>orbitas</strong></span> 
     </span>
     <span class='ocr_line' id='line_1_21' title="bbox 116 1718 1669 1776; baseline 0.002 -16"><span class='ocrx_word' id='word_1_183' title='bbox 116 1718 296 1760; x_wconf 90' lang='lat' dir='ltr'><strong>Telluris</strong></span> <span class='ocrx_word' id='word_1_184' title='bbox 317 1728 358 1760; x_wconf 90' lang='lat' dir='ltr'><strong>et</strong></span> <span class='ocrx_word' id='word_1_185' title='bbox 378 1719 513 1760; x_wconf 88' lang='lat' dir='ltr'><strong>Lunae</strong></span> <span class='ocrx_word' id='word_1_186' title='bbox 534 1734 622 1761; x_wconf 87' lang='lat' dir='ltr'><strong>esse</strong></span> <span class='ocrx_word' id='word_1_187' title='bbox 642 1719 860 1760; x_wconf 82' lang='lat' dir='ltr'><strong>circulares</strong></span> <span class='ocrx_word' id='word_1_188' title='bbox 883 1721 964 1761; x_wconf 80' lang='lat'><strong>35&#39;.</strong></span> <span class='ocrx_word' id='word_1_189' title='bbox 988 1721 1078 1762; x_wconf 87' lang='lat'>10&#39;&#39;.</span> <span class='ocrx_word' id='word_1_190' title='bbox 1100 1720 1317 1762; x_wconf 82' lang='lat' dir='ltr'><strong>calculavit</strong></span> <span class='ocrx_word' id='word_1_191' title='bbox 1336 1721 1464 1776; x_wconf 85' lang='lat' dir='ltr'><strong>Prop.</strong></span> <span class='ocrx_word' id='word_1_192' title='bbox 1487 1721 1669 1764; x_wconf 83' lang='lat' dir='ltr'><strong>XXIX.</strong></span> 
     </span>
    </p>

    <p class='ocr_par' dir='ltr' id='par_1_6' title="bbox 114 1790 1833 1926">
     <span class='ocr_line' id='line_1_22' title="bbox 172 1790 1833 1852; baseline 0.004 -21"><span class='ocrx_word' id='word_1_193' title='bbox 172 1790 332 1841; x_wconf 71' lang='lat' dir='ltr'><strong>Tertio,</strong></span> <span class='ocrx_word' id='word_1_194' title='bbox 356 1806 409 1832; x_wconf 87' lang='lat' dir='ltr'><strong>ex</strong></span> <span class='ocrx_word' id='word_1_195' title='bbox 425 1790 472 1832; x_wconf 68' lang='lat' dir='ltr'><strong>ea</strong></span> <span class='ocrx_word' id='word_1_196' title='bbox 494 1791 602 1832; x_wconf 89' lang='lat' dir='ltr'><strong>Solis</strong></span> <span class='ocrx_word' id='word_1_197' title='bbox 618 1792 779 1832; x_wconf 84' lang='lat' dir='ltr'><strong>actione</strong></span> <span class='ocrx_word' id='word_1_198' title='bbox 793 1792 976 1832; x_wconf 89' lang='lat' dir='ltr'><strong>nascitur</strong></span> <span class='ocrx_word' id='word_1_199' title='bbox 990 1799 1125 1833; x_wconf 90' lang='lat' dir='ltr'><strong>motus</strong></span> <span class='ocrx_word' id='word_1_200' title='bbox 1146 1793 1308 1850; x_wconf 88' lang='lat' dir='ltr'><strong>apogaei</strong></span> <span class='ocrx_word' id='word_1_201' title='bbox 1337 1793 1493 1835; x_wconf 90' lang='lat' dir='ltr'><strong>lunaris</strong></span> <span class='ocrx_word' id='word_1_202' title='bbox 1512 1795 1556 1835; x_wconf 91' lang='lat' dir='ltr'><strong>in</strong></span> <span class='ocrx_word' id='word_1_203' title='bbox 1577 1810 1833 1852; x_wconf 84' lang='lat' dir='ltr'><strong>consequen-</strong></span> 
     </span>
     <span class='ocr_line' id='line_1_23' title="bbox 114 1863 1733 1926; baseline 0.002 -22"><span class='ocrx_word' id='word_1_204' title='bbox 114 1863 184 1914; x_wconf 83' lang='lat' dir='ltr'><strong>tia,</strong></span> <span class='ocrx_word' id='word_1_205' title='bbox 208 1865 324 1920; x_wconf 88' lang='lat' dir='ltr'><strong>cujus</strong></span> <span class='ocrx_word' id='word_1_206' title='bbox 343 1873 481 1905; x_wconf 90' lang='grc'><strong>11101113</strong></span> <span class='ocrx_word' id='word_1_207' title='bbox 502 1863 818 1905; x_wconf 82' lang='lat' dir='ltr'><strong>fundamentum</strong></span> <span class='ocrx_word' id='word_1_208' title='bbox 837 1864 993 1906; x_wconf 88' lang='lat' dir='ltr'><strong>indicat</strong></span> <span class='ocrx_word' id='word_1_209' title='bbox 1014 1865 1242 1906; x_wconf 88' lang='lat' dir='ltr'><strong>Newtonus</strong></span> <span class='ocrx_word' id='word_1_210' title='bbox 1264 1865 1391 1921; x_wconf 89' lang='lat' dir='ltr'><strong>Prop.</strong></span> <span class='ocrx_word' id='word_1_211' title='bbox 1414 1866 1556 1907; x_wconf 87' lang='lat' dir='ltr'><strong>XLV.</strong></span> <span class='ocrx_word' id='word_1_212' title='bbox 1579 1867 1733 1926; x_wconf 49' lang='lat' dir='ltr'><strong>Lib4I.</strong></span> 
     </span>
    </p>

    <p class='ocr_par' dir='ltr' id='par_1_7' title="bbox 112 1937 1832 2139">
     <span class='ocr_line' id='line_1_24' title="bbox 171 1937 1828 1994; baseline 0.002 -16"><span class='ocrx_word' id='word_1_213' title='bbox 171 1937 349 1988; x_wconf 75' lang='lat' dir='ltr'><strong>Quarto,</strong></span> <span class='ocrx_word' id='word_1_214' title='bbox 380 1938 478 1979; x_wconf 89' lang='lat' dir='ltr'><strong>inde</strong></span> <span class='ocrx_word' id='word_1_215' title='bbox 506 1937 725 1979; x_wconf 89' lang='lat' dir='ltr'><strong>deducitur</strong></span> <span class='ocrx_word' id='word_1_216' title='bbox 742 1946 882 1979; x_wconf 88' lang='lat' dir='ltr'><strong>motus</strong></span> <span class='ocrx_word' id='word_1_217' title='bbox 899 1938 1062 1979; x_wconf 84' lang='lat' dir='ltr'><strong>medius</strong></span> <span class='ocrx_word' id='word_1_218' title='bbox 1081 1938 1291 1979; x_wconf 89' lang='lat' dir='ltr'><strong>nodorum</strong></span> <span class='ocrx_word' id='word_1_219' title='bbox 1312 1939 1440 1994; x_wconf 88' lang='lat' dir='ltr'><strong>Prop.</strong></span> <span class='ocrx_word' id='word_1_220' title='bbox 1463 1939 1670 1981; x_wconf 87' lang='lat' dir='ltr'><strong>XXXII.</strong></span> <span class='ocrx_word' id='word_1_221' title='bbox 1685 1940 1828 1981; x_wconf 91' lang='lat' dir='ltr'><strong>obser-</strong></span> 
     </span>
     <span class='ocr_line' id='line_1_25' title="bbox 112 2010 1832 2068; baseline 0.002 -17"><span class='ocrx_word' id='word_1_222' title='bbox 112 2010 344 2052; x_wconf 80' lang='lat' dir='ltr'><strong>vationibus</strong></span> <span class='ocrx_word' id='word_1_223' title='bbox 362 2011 552 2067; x_wconf 71' lang='lat' dir='ltr'><strong>proxime</strong></span> <span class='ocrx_word' id='word_1_224' title='bbox 572 2025 804 2068; x_wconf 84' lang='lat' dir='ltr'><strong>congruus3</strong></span> <span class='ocrx_word' id='word_1_225' title='bbox 839 2010 984 2067; x_wconf 79' lang='lat' dir='ltr'><strong>quinto</strong></span> <span class='ocrx_word' id='word_1_226' title='bbox 1003 2011 1196 2068; x_wconf 88' lang='lat' dir='ltr'><strong>denique,</strong></span> <span class='ocrx_word' id='word_1_227' title='bbox 1217 2011 1494 2053; x_wconf 83' lang='lat' dir='ltr'><strong>inclinationis</strong></span> <span class='ocrx_word' id='word_1_228' title='bbox 1514 2012 1660 2053; x_wconf 85' lang='lat' dir='ltr'><strong>orbitae</strong></span> <span class='ocrx_word' id='word_1_229' title='bbox 1674 2013 1832 2055; x_wconf 84' lang='lat' dir='ltr'><strong>lunaris</strong></span> 
     </span>
     <span class='ocr_line' id='line_1_26' title="bbox 113 2082 1221 2139; baseline 0.003 -17"><span class='ocrx_word' id='word_1_230' title='bbox 113 2083 287 2124; x_wconf 83' lang='lat' dir='ltr'><strong>mutatio</strong></span> <span class='ocrx_word' id='word_1_231' title='bbox 307 2083 539 2138; x_wconf 88' lang='lat' dir='ltr'><strong>explicatur</strong></span> <span class='ocrx_word' id='word_1_232' title='bbox 561 2084 690 2139; x_wconf 89' lang='lat' dir='ltr'><strong>Prop.</strong></span> <span class='ocrx_word' id='word_1_233' title='bbox 715 2082 940 2125; x_wconf 87' lang='lat' dir='ltr'><strong>XXXIV.</strong></span> <span class='ocrx_word' id='word_1_234' title='bbox 962 2091 1003 2126; x_wconf 89' lang='lat' dir='ltr'><strong>et</strong></span> <span class='ocrx_word' id='word_1_235' title='bbox 1022 2084 1221 2126; x_wconf 90' lang='lat' dir='ltr'><strong>XXXV.</strong></span> 
     </span>
    </p>

    <p class='ocr_par' dir='ltr' id='par_1_8' title="bbox 110 2153 1828 2644">
     <span class='ocr_line' id='line_1_27' title="bbox 171 2153 1828 2212; baseline 0.003 -18"><span class='ocrx_word' id='word_1_236' title='bbox 171 2153 296 2196; x_wconf 88' lang='lat' dir='ltr'><strong>Nunc</strong></span> <span class='ocrx_word' id='word_1_237' title='bbox 325 2155 426 2197; x_wconf 77' lang='lat' dir='ltr'><strong>vero</strong></span> <span class='ocrx_word' id='word_1_238' title='bbox 455 2155 704 2212; x_wconf 88' lang='lat' dir='ltr'><strong>adjungatur</strong></span> <span class='ocrx_word' id='word_1_239' title='bbox 727 2155 1006 2197; x_wconf 87' lang='lat' dir='ltr'><strong>consideratio</strong></span> <span class='ocrx_word' id='word_1_240' title='bbox 1036 2157 1359 2198; x_wconf 88' lang='lat' dir='ltr'><strong>excentricitatis</strong></span> <span class='ocrx_word' id='word_1_241' title='bbox 1388 2157 1534 2198; x_wconf 89' lang='lat' dir='ltr'><strong>orbitae</strong></span> <span class='ocrx_word' id='word_1_242' title='bbox 1554 2157 1749 2208; x_wconf 85' lang='lat' dir='ltr'><strong>Telluris,</strong></span> <span class='ocrx_word' id='word_1_243' title='bbox 1780 2157 1828 2200; x_wconf 68' lang='lat' dir='ltr'><strong>ea</strong></span> 
     </span>
     <span class='ocr_line' id='line_1_28' title="bbox 112 2226 1828 2286; baseline 0.002 -18"><span class='ocrx_word' id='word_1_244' title='bbox 112 2227 162 2269; x_wconf 86' lang='lat' dir='ltr'><strong>fit</strong></span> <span class='ocrx_word' id='word_1_245' title='bbox 179 2235 226 2269; x_wconf 93' lang='lat' dir='ltr'><strong>ut</strong></span> <span class='ocrx_word' id='word_1_246' title='bbox 244 2228 353 2270; x_wconf 77' lang='lat' dir='ltr'><strong>aetio</strong></span> <span class='ocrx_word' id='word_1_247' title='bbox 369 2228 476 2270; x_wconf 92' lang='lat' dir='ltr'><strong>Solis</strong></span> <span class='ocrx_word' id='word_1_248' title='bbox 491 2229 623 2283; x_wconf 85' lang='lat' dir='ltr'><strong>major</strong></span> <span class='ocrx_word' id='word_1_249' title='bbox 644 2228 697 2270; x_wconf 90' lang='lat' dir='ltr'><strong>sit</strong></span> <span class='ocrx_word' id='word_1_250' title='bbox 717 2226 813 2269; x_wconf 77' lang='grc'><strong>811111</strong></span> <span class='ocrx_word' id='word_1_251' title='bbox 827 2228 963 2269; x_wconf 89' lang='lat' dir='ltr'><strong>Terra</strong></span> <span class='ocrx_word' id='word_1_252' title='bbox 977 2236 1040 2269; x_wconf 91' lang='lat' dir='ltr'><strong>est</strong></span> <span class='ocrx_word' id='word_1_253' title='bbox 1058 2229 1102 2269; x_wconf 92' lang='lat' dir='ltr'><strong>in</strong></span> <span class='ocrx_word' id='word_1_254' title='bbox 1121 2229 1324 2284; x_wconf 90' lang='lat' dir='ltr'><strong>perihelio</strong></span> <span class='ocrx_word' id='word_1_255' title='bbox 1340 2243 1416 2270; x_wconf 85' lang='lat' dir='ltr'><strong>suo</strong></span> <span class='ocrx_word' id='word_1_256' title='bbox 1433 2228 1557 2286; x_wconf 74' lang='lat' dir='ltr'><strong>quam</strong></span> <span class='ocrx_word' id='word_1_257' title='bbox 1577 2231 1621 2271; x_wconf 92' lang='lat' dir='ltr'><strong>in</strong></span> <span class='ocrx_word' id='word_1_258' title='bbox 1640 2229 1805 2285; x_wconf 90' lang='lat' dir='ltr'><strong>aphelio</strong></span> <span class='ocrx_word' id='word_1_259' title='bbox 1815 2247 1828 2281; x_wconf 84' lang='lat'><em>3</em></span> 
     </span>
     <span class='ocr_line' id='line_1_29' title="bbox 112 2297 1828 2357; baseline 0.001 -18"><span class='ocrx_word' id='word_1_260' title='bbox 112 2297 211 2339; x_wconf 78' lang='lat' dir='ltr'><strong>inde</strong></span> <span class='ocrx_word' id='word_1_261' title='bbox 229 2298 418 2340; x_wconf 89' lang='lat' dir='ltr'><strong>orientur</strong></span> <span class='ocrx_word' id='word_1_262' title='bbox 431 2298 706 2340; x_wconf 84' lang='lat' dir='ltr'><strong>correctiones</strong></span> <span class='ocrx_word' id='word_1_263' title='bbox 720 2298 845 2339; x_wconf 82' lang='lat' dir='ltr'><strong>variae</strong></span> <span class='ocrx_word' id='word_1_264' title='bbox 858 2298 924 2340; x_wconf 86' lang='lat' dir='ltr'><strong>his</strong></span> <span class='ocrx_word' id='word_1_265' title='bbox 941 2298 1134 2340; x_wconf 88' lang='lat' dir='ltr'><strong>omnibus</strong></span> <span class='ocrx_word' id='word_1_266' title='bbox 1150 2298 1285 2340; x_wconf 88' lang='lat' dir='ltr'><strong>Lunae</strong></span> <span class='ocrx_word' id='word_1_267' title='bbox 1301 2300 1510 2341; x_wconf 90' lang='lat' dir='ltr'><strong>erroribus</strong></span> <span class='ocrx_word' id='word_1_268' title='bbox 1527 2300 1828 2357; x_wconf 83' lang='lat' dir='ltr'><strong>adjungendae3</strong></span> 
     </span>
     <span class='ocr_line' id='line_1_30' title="bbox 110 2368 1826 2436; baseline 0.001 -23"><span class='ocrx_word' id='word_1_269' title='bbox 110 2368 295 2427; x_wconf 70' lang='lat' dir='ltr'><strong>primlim</strong></span> <span class='ocrx_word' id='word_1_270' title='bbox 314 2370 410 2413; x_wconf 71' lang='lat' dir='ltr'><strong>cum</strong></span> <span class='ocrx_word' id='word_1_271' title='bbox 437 2371 590 2413; x_wconf 89' lang='lat' dir='ltr'><strong>mensis</strong></span> <span class='ocrx_word' id='word_1_272' title='bbox 609 2371 844 2427; x_wconf 89' lang='lat' dir='ltr'><strong>periodicus</strong></span> <span class='ocrx_word' id='word_1_273' title='bbox 866 2372 1001 2417; x_wconf 88' lang='lat' dir='ltr'><strong>Lunae</strong></span> <span class='ocrx_word' id='word_1_274' title='bbox 1020 2387 1096 2428; x_wconf 88' lang='lat' dir='ltr'><strong>per</strong></span> <span class='ocrx_word' id='word_1_275' title='bbox 1116 2372 1320 2414; x_wconf 89' lang='lat' dir='ltr'><strong>actionem</strong></span> <span class='ocrx_word' id='word_1_276' title='bbox 1342 2373 1450 2416; x_wconf 87' lang='lat' dir='ltr'><strong>Solis</strong></span> <span class='ocrx_word' id='word_1_277' title='bbox 1470 2373 1635 2430; x_wconf 88' lang='lat' dir='ltr'><strong>longior</strong></span> <span class='ocrx_word' id='word_1_278' title='bbox 1665 2373 1826 2436; x_wconf 80' lang='lat' dir='ltr'><strong>evadat,</strong></span> 
     </span>
     <span class='ocr_line' id='line_1_31' title="bbox 111 2444 1828 2502; baseline 0.002 -18"><span class='ocrx_word' id='word_1_279' title='bbox 111 2451 154 2484; x_wconf 91' lang='lat' dir='ltr'><strong>et</strong></span> <span class='ocrx_word' id='word_1_280' title='bbox 184 2451 321 2485; x_wconf 91' lang='lat' dir='ltr'><strong>motus</strong></span> <span class='ocrx_word' id='word_1_281' title='bbox 358 2445 444 2499; x_wconf 92' lang='lat' dir='ltr'><strong>ejus</strong></span> <span class='ocrx_word' id='word_1_282' title='bbox 475 2444 637 2486; x_wconf 88' lang='lat' dir='ltr'><strong>medius</strong></span> <span class='ocrx_word' id='word_1_283' title='bbox 668 2452 883 2502; x_wconf 87' lang='lat' dir='ltr'><strong>augeatur,</strong></span> <span class='ocrx_word' id='word_1_284' title='bbox 916 2445 961 2486; x_wconf 91' lang='lat' dir='ltr'><strong>id</strong></span> <span class='ocrx_word' id='word_1_285' title='bbox 992 2445 1294 2486; x_wconf 90' lang='lat' dir='ltr'><strong>incrementum</strong></span> <span class='ocrx_word' id='word_1_286' title='bbox 1326 2445 1492 2501; x_wconf 90' lang='lat' dir='ltr'><strong>quando</strong></span> <span class='ocrx_word' id='word_1_287' title='bbox 1525 2445 1660 2487; x_wconf 87' lang='lat' dir='ltr'><strong>Terra</strong></span> <span class='ocrx_word' id='word_1_288' title='bbox 1691 2454 1754 2487; x_wconf 91' lang='lat' dir='ltr'><strong>est</strong></span> <span class='ocrx_word' id='word_1_289' title='bbox 1784 2446 1828 2486; x_wconf 90' lang='lat' dir='ltr'><strong>in</strong></span> 
     </span>
     <span class='ocr_line' id='line_1_32' title="bbox 110 2512 1828 2573; baseline 0.002 -19"><span class='ocrx_word' id='word_1_290' title='bbox 110 2513 314 2568; x_wconf 87' lang='lat' dir='ltr'><strong>perihelio</strong></span> <span class='ocrx_word' id='word_1_291' title='bbox 334 2515 465 2569; x_wconf 90' lang='lat' dir='ltr'><strong>majus</strong></span> <span class='ocrx_word' id='word_1_292' title='bbox 490 2522 552 2556; x_wconf 89' lang='lat' dir='ltr'><strong>est</strong></span> <span class='ocrx_word' id='word_1_293' title='bbox 571 2513 695 2570; x_wconf 75' lang='lat' dir='ltr'><strong>quam</strong></span> <span class='ocrx_word' id='word_1_294' title='bbox 717 2512 813 2556; x_wconf 73' lang='grc'><strong>811111</strong></span> <span class='ocrx_word' id='word_1_295' title='bbox 833 2523 895 2557; x_wconf 88' lang='grc'><strong>831</strong></span> <span class='ocrx_word' id='word_1_296' title='bbox 913 2515 956 2556; x_wconf 90' lang='grc'><strong>111</strong></span> <span class='ocrx_word' id='word_1_297' title='bbox 978 2515 1155 2571; x_wconf 88' lang='lat' dir='ltr'><strong>apheliO,</strong></span> <span class='ocrx_word' id='word_1_298' title='bbox 1187 2516 1286 2561; x_wconf 89' lang='lat' dir='ltr'><strong>hinc</strong></span> <span class='ocrx_word' id='word_1_299' title='bbox 1306 2531 1354 2557; x_wconf 94' lang='lat' dir='ltr'><strong>ea</strong></span> <span class='ocrx_word' id='word_1_300' title='bbox 1372 2517 1551 2558; x_wconf 89' lang='lat' dir='ltr'><strong>tardatio</strong></span> <span class='ocrx_word' id='word_1_301' title='bbox 1569 2517 1828 2573; x_wconf 71' lang='lat' dir='ltr'><strong>inaequaliter</strong></span> 
     </span>
     <span class='ocr_line' id='line_1_33' title="bbox 111 2585 1828 2644; baseline 0.002 -17"><span class='ocrx_word' id='word_1_302' title='bbox 111 2585 155 2626; x_wconf 87' lang='lat' dir='ltr'><strong>in</strong></span> <span class='ocrx_word' id='word_1_303' title='bbox 185 2594 346 2628; x_wconf 91' lang='lat' dir='ltr'><strong>motum</strong></span> <span class='ocrx_word' id='word_1_304' title='bbox 367 2587 502 2628; x_wconf 86' lang='lat' dir='ltr'><strong>Lunae</strong></span> <span class='ocrx_word' id='word_1_305' title='bbox 522 2587 755 2637; x_wconf 79' lang='lat' dir='ltr'><strong>distributa,</strong></span> <span class='ocrx_word' id='word_1_306' title='bbox 786 2587 910 2629; x_wconf 85' lang='lat' dir='ltr'><strong>efficit</strong></span> <span class='ocrx_word' id='word_1_307' title='bbox 929 2596 976 2629; x_wconf 89' lang='lat' dir='ltr'><strong>ut</strong></span> <span class='ocrx_word' id='word_1_308' title='bbox 994 2587 1076 2629; x_wconf 92' lang='lat' dir='ltr'><strong>hoc</strong></span> <span class='ocrx_word' id='word_1_309' title='bbox 1095 2589 1263 2630; x_wconf 83' lang='lat' dir='ltr'><strong>nomine</strong></span> <span class='ocrx_word' id='word_1_310' title='bbox 1283 2589 1399 2629; x_wconf 93' lang='lat' dir='ltr'><strong>locus</strong></span> <span class='ocrx_word' id='word_1_311' title='bbox 1428 2590 1515 2644; x_wconf 90' lang='lat' dir='ltr'><strong>ejus</strong></span> <span class='ocrx_word' id='word_1_312' title='bbox 1536 2604 1614 2644; x_wconf 91' lang='lat' dir='ltr'><strong>per</strong></span> <span class='ocrx_word' id='word_1_313' title='bbox 1643 2589 1828 2630; x_wconf 90' lang='lat' dir='ltr'><strong>medium</strong></span> 
     </span>
    </p>

    <p class='ocr_par' dir='ltr' id='par_1_9' title="bbox 101 2656 1828 3081">
     <span class='ocr_line' id='line_1_34' title="bbox 156 2656 1828 2719; baseline 0.003 -19"><span class='ocrx_word' id='word_1_314' title='bbox 156 2666 272 2711; x_wconf 70' lang='lat' dir='ltr'><strong>otum</strong></span> <span class='ocrx_word' id='word_1_315' title='bbox 291 2660 481 2712; x_wconf 80' lang='lat' dir='ltr'><strong>inventus</strong></span> <span class='ocrx_word' id='word_1_316' title='bbox 511 2661 564 2702; x_wconf 87' lang='lat' dir='ltr'><strong>ab</strong></span> <span class='ocrx_word' id='word_1_317' title='bbox 594 2662 680 2716; x_wconf 90' lang='lat' dir='ltr'><strong>ejus</strong></span> <span class='ocrx_word' id='word_1_318' title='bbox 700 2676 800 2702; x_wconf 90' lang='lat' dir='ltr'><strong>vero</strong></span> <span class='ocrx_word' id='word_1_319' title='bbox 818 2661 912 2703; x_wconf 91' lang='lat' dir='ltr'><strong>loco</strong></span> <span class='ocrx_word' id='word_1_320' title='bbox 933 2662 1158 2712; x_wconf 90' lang='lat' dir='ltr'><strong>dissentiat,</strong></span> <span class='ocrx_word' id='word_1_321' title='bbox 1185 2662 1284 2704; x_wconf 90' lang='lat' dir='ltr'><strong>hinc</strong></span> <span class='ocrx_word' id='word_1_322' title='bbox 1303 2663 1442 2719; x_wconf 87' lang='lat' dir='ltr'><strong>itaque</strong></span> <span class='ocrx_word' id='word_1_323' title='bbox 1461 2664 1570 2705; x_wconf 88' lang='lat' dir='ltr'><strong>notis</strong></span> <span class='ocrx_word' id='word_1_324' title='bbox 1590 2665 1742 2705; x_wconf 89' lang='lat' dir='ltr'><strong>nostris</strong></span> <span class='ocrx_word' id='word_1_325' title='bbox 1774 2656 1828 2705; x_wconf 81' lang='lat' dir='ltr'><strong>ad</strong></span> 
     </span>
     <span class='ocr_line' id='line_1_35' title="bbox 101 2673 1828 2792; baseline 0.003 -20"><span class='ocrx_word' id='word_1_326' title='bbox 101 2673 276 2772; x_wconf 51' lang='lat' dir='ltr'><strong>{idum</strong></span> <span class='ocrx_word' id='word_1_327' title='bbox 298 2732 454 2792; x_wconf 61' lang='lat' dir='ltr'><strong>Spholii</strong></span> <span class='ocrx_word' id='word_1_328' title='bbox 483 2734 537 2775; x_wconf 89' lang='lat' dir='ltr'><strong>ad</strong></span> <span class='ocrx_word' id='word_1_329' title='bbox 566 2734 720 2775; x_wconf 89' lang='lat' dir='ltr'><strong>calcem</strong></span> <span class='ocrx_word' id='word_1_330' title='bbox 743 2735 870 2789; x_wconf 91' lang='lat' dir='ltr'><strong>Prop.</strong></span> <span class='ocrx_word' id='word_1_331' title='bbox 894 2735 1093 2783; x_wconf 90' lang='lat' dir='ltr'><strong>XXXV.</strong></span> <span class='ocrx_word' id='word_1_332' title='bbox 1123 2735 1284 2791; x_wconf 84' lang='lat' dir='ltr'><strong>adjecti,</strong></span> <span class='ocrx_word' id='word_1_333' title='bbox 1317 2736 1429 2791; x_wconf 93' lang='lat' dir='ltr'><strong>quod</strong></span> <span class='ocrx_word' id='word_1_334' title='bbox 1458 2736 1511 2777; x_wconf 90' lang='lat' dir='ltr'><strong>ad</strong></span> <span class='ocrx_word' id='word_1_335' title='bbox 1540 2744 1670 2777; x_wconf 86' lang='lat' dir='ltr'><strong>totam</strong></span> <span class='ocrx_word' id='word_1_336' title='bbox 1692 2737 1828 2777; x_wconf 88' lang='lat' dir='ltr'><strong>Lunae</strong></span> 
     </span>
     <span class='ocr_line' id='line_1_36' title="bbox 112 2802 1828 2859; baseline 0.004 -16"><span class='ocrx_word' id='word_1_337' title='bbox 112 2802 316 2844; x_wconf 88' lang='lat' dir='ltr'><strong>theoriam</strong></span> <span class='ocrx_word' id='word_1_338' title='bbox 345 2805 537 2859; x_wconf 87' lang='lat' dir='ltr'><strong>pertinet,</strong></span> <span class='ocrx_word' id='word_1_339' title='bbox 571 2806 872 2848; x_wconf 89' lang='lat' dir='ltr'><strong>incrementum</strong></span> <span class='ocrx_word' id='word_1_340' title='bbox 901 2807 1086 2849; x_wconf 84' lang='lat' dir='ltr'><strong>medium</strong></span> <span class='ocrx_word' id='word_1_341' title='bbox 1106 2817 1242 2849; x_wconf 91' lang='lat' dir='ltr'><strong>motus</strong></span> <span class='ocrx_word' id='word_1_342' title='bbox 1277 2809 1403 2850; x_wconf 90' lang='lat' dir='ltr'><strong>medii</strong></span> <span class='ocrx_word' id='word_1_343' title='bbox 1436 2824 1490 2850; x_wconf 89' lang='lat' dir='ltr'><strong>ex</strong></span> <span class='ocrx_word' id='word_1_344' title='bbox 1525 2810 1686 2850; x_wconf 87' lang='lat' dir='ltr'><strong>actione</strong></span> <span class='ocrx_word' id='word_1_345' title='bbox 1719 2809 1828 2851; x_wconf 87' lang='lat' dir='ltr'><strong>Solis</strong></span> 
     </span>
     <span class='ocr_line' id='line_1_37' title="bbox 113 2878 1828 2937; baseline 0.004 -21"><span class='ocrx_word' id='word_1_346' title='bbox 113 2882 253 2917; x_wconf 90' lang='lat' dir='ltr'><strong>ortum</strong></span> <span class='ocrx_word' id='word_1_347' title='bbox 286 2878 552 2935; x_wconf 87' lang='lat' dir='ltr'><strong>assignamus,</strong></span> <span class='ocrx_word' id='word_1_348' title='bbox 586 2887 677 2920; x_wconf 89' lang='lat' dir='ltr'><strong>tum</strong></span> <span class='ocrx_word' id='word_1_349' title='bbox 711 2888 856 2934; x_wconf 88' lang='lat' dir='ltr'><strong>postea</strong></span> <span class='ocrx_word' id='word_1_350' title='bbox 889 2881 1097 2935; x_wconf 90' lang='lat' dir='ltr'><strong>aperimus</strong></span> <span class='ocrx_word' id='word_1_351' title='bbox 1130 2881 1332 2922; x_wconf 88' lang='lat' dir='ltr'><strong>rationem</strong></span> <span class='ocrx_word' id='word_1_352' title='bbox 1366 2881 1445 2937; x_wconf 73' lang='lat' dir='ltr'><strong>qua</strong></span> <span class='ocrx_word' id='word_1_353' title='bbox 1481 2882 1659 2923; x_wconf 89' lang='lat' dir='ltr'><strong>obtineri</strong></span> <span class='ocrx_word' id='word_1_354' title='bbox 1692 2890 1828 2937; x_wconf 87' lang='lat' dir='ltr'><strong>potest</strong></span> 
     </span>
     <span class='ocr_line' id='line_1_38' title="bbox 112 2949 1828 3009; baseline 0.003 -20"><span class='ocrx_word' id='word_1_355' title='bbox 112 2949 291 3003; x_wconf 86' lang='lat' dir='ltr'><strong>aequatio</strong></span> <span class='ocrx_word' id='word_1_356' title='bbox 321 2963 397 2991; x_wconf 83' lang='lat' dir='ltr'><strong>ceu</strong></span> <span class='ocrx_word' id='word_1_357' title='bbox 426 2952 626 2993; x_wconf 90' lang='lat' dir='ltr'><strong>correctio</strong></span> <span class='ocrx_word' id='word_1_358' title='bbox 646 2959 783 2993; x_wconf 92' lang='lat' dir='ltr'><strong>motus</strong></span> <span class='ocrx_word' id='word_1_359' title='bbox 811 2952 937 2997; x_wconf 89' lang='lat' dir='ltr'><strong>medii</strong></span> <span class='ocrx_word' id='word_1_360' title='bbox 957 2952 1193 2994; x_wconf 86' lang='lat' dir='ltr'><strong>adhibenda</strong></span> <span class='ocrx_word' id='word_1_361' title='bbox 1210 2962 1382 3008; x_wconf 86' lang='lat' dir='ltr'><strong>propter</strong></span> <span class='ocrx_word' id='word_1_362' title='bbox 1414 2954 1660 3009; x_wconf 87' lang='lat' dir='ltr'><strong>inaequalem</strong></span> <span class='ocrx_word' id='word_1_363' title='bbox 1681 2954 1828 2996; x_wconf 87' lang='lat' dir='ltr'><strong>Terrae</strong></span> 
     </span>
     <span class='ocr_line' id='line_1_39' title="bbox 113 3018 1828 3081; baseline 0.006 -23"><span class='ocrx_word' id='word_1_364' title='bbox 113 3032 139 3058; x_wconf 88' lang='lat' dir='ltr'><strong>a</strong></span> <span class='ocrx_word' id='word_1_365' title='bbox 169 3018 266 3061; x_wconf 89' lang='lat' dir='ltr'><strong>Sole</strong></span> <span class='ocrx_word' id='word_1_366' title='bbox 286 3019 533 3072; x_wconf 86' lang='lat' dir='ltr'><strong>distantiam,</strong></span> <span class='ocrx_word' id='word_1_367' title='bbox 565 3037 659 3078; x_wconf 86' lang='lat' dir='ltr'><strong>quae</strong></span> <span class='ocrx_word' id='word_1_368' title='bbox 679 3023 848 3079; x_wconf 83' lang='lat' dir='ltr'><strong>quidem</strong></span> <span class='ocrx_word' id='word_1_369' title='bbox 868 3024 1046 3079; x_wconf 87' lang='lat' dir='ltr'><strong>aequatio</strong></span> <span class='ocrx_word' id='word_1_370' title='bbox 1066 3025 1301 3066; x_wconf 89' lang='lat' dir='ltr'><strong>continetur</strong></span> <span class='ocrx_word' id='word_1_371' title='bbox 1322 3025 1365 3065; x_wconf 92' lang='lat' dir='ltr'><strong>in</strong></span> <span class='ocrx_word' id='word_1_372' title='bbox 1386 3024 1433 3066; x_wconf 70' lang='lat' dir='ltr'><strong>ea</strong></span> <span class='ocrx_word' id='word_1_373' title='bbox 1455 3041 1581 3081; x_wconf 91' lang='lat' dir='ltr'><strong>quam</strong></span> <span class='ocrx_word' id='word_1_374' title='bbox 1607 3026 1664 3067; x_wconf 90' lang='lat' dir='ltr'><strong>ill.</strong></span> <span class='ocrx_word' id='word_1_375' title='bbox 1689 3027 1828 3069; x_wconf 86' lang='lat' dir='ltr'><strong>Cassi-</strong></span> 
     </span>
    </p>
   </div>
   <div class='ocr_carea' id='block_1_3' title="bbox 114 3091 1156 3196">
    <p class='ocr_par' dir='ltr' id='par_1_10' title="bbox 114 3091 1156 3196">
     <span class='ocr_line' id='line_1_40' title="bbox 114 3091 1156 3150; baseline 0.007 -19"><span class='ocrx_word' id='word_1_376' title='bbox 114 3104 206 3142; x_wconf 77' lang='lat' dir='ltr'><strong>nus,</strong></span> <span class='ocrx_word' id='word_1_377' title='bbox 227 3091 348 3133; x_wconf 85' lang='lat' dir='ltr'><strong>titulo</strong></span> <span class='ocrx_word' id='word_1_378' title='bbox 366 3094 523 3135; x_wconf 84' lang='lat' dir='ltr'><strong>Primae</strong></span> <span class='ocrx_word' id='word_1_379' title='bbox 542 3095 808 3150; x_wconf 84' lang='lat' dir='ltr'><strong>AEquationis</strong></span> <span class='ocrx_word' id='word_1_380' title='bbox 830 3097 997 3146; x_wconf 81' lang='lat' dir='ltr'><strong>Solaris,</strong></span> <span class='ocrx_word' id='word_1_381' title='bbox 1019 3097 1156 3139; x_wconf 87' lang='lat' dir='ltr'><strong>tradit.</strong></span> 
     </span>
     <span class='ocr_line' id='line_1_41' title="bbox 934 3166 1010 3196; baseline -0.013 0"><span class='ocrx_word' id='word_1_382' title='bbox 934 3166 965 3196; x_wconf 78' lang='lat' dir='ltr'><strong>A</strong></span> <span class='ocrx_word' id='word_1_383' title='bbox 987 3169 1010 3195; x_wconf 71' lang='grc' dir='ltr'><strong><em>ε</em></strong></span> 
     </span>
    </p>
   </div>
  </div>
 </body>
</html>
