2072 3522
167 263 314 308 Luam
327 267 566 320 Tamna]
603 237 927 309 PRINCIPiA
958 265 1453 308 MATHEMATICA.
1802 272 1884 310 199

166 381 326 423 circum
345 397 446 424 axes
467 396 578 432 suos,
600 396 695 438 quae
716 397 812 424 cum
831 383 1014 424 motibus
1035 382 1238 424 vorticum
1254 396 1484 439 congruere
1499 380 1712 434 deberent,
1729 383 1782 424 ab
1798 398 1888 424 om-

162 453 285 495 nibus
313 451 428 505 hisce
455 453 796 509 proportionibus
826 453 1076 510 discrepant.
1139 454 1286 496 Motus
1316 462 1572 495 cometarum
1602 462 1700 496 sunt
1725 454 1886 496 summe

162 525 387 582 regulares,
425 534 467 568 et
498 526 668 568 easdem
701 526 815 583 leges
849 540 944 568 cum
976 525 1240 581 planetarum
1270 525 1452 567 motibus
1477 527 1712 577 observant,
1741 534 1783 568 et
1807 541 1885 582 per

160 597 341 639 vortices
363 598 564 654 explicari
590 606 816 655 nequeunt.
878 599 1087 640 Feruntur
1108 607 1280 641 cometae
1298 599 1479 640 motibus
1499 598 1619 640 valde
1646 599 1886 640 eccentricis

160 670 206 711 in
227 686 372 713 omnes
393 671 595 713 coelorum
612 679 767 727 partes,
791 672 904 729 quod
924 672 1016 714 fieri
1041 687 1127 715 non
1146 679 1296 728 potest,
1318 672 1400 714 nisi
1418 673 1595 713 vortices
1614 673 1826 715 tollantur.

219 743 469 800 Projectilia,
500 744 545 785 in
574 745 670 786 ae‘re
690 752 847 795 nostro,
880 745 1012 787 solam
1039 746 1144 787 ae‘ris
1163 745 1440 788 resistentiam
1460 746 1655 787 sentiunt.
1714 746 1886 789 Sublato

158 816 269 866 aere,
300 823 348 856 ut
376 815 426 857 fit
453 815 499 857 in
517 830 650 857 vacuo
672 816 893 872 Boyliano,
925 816 1159 858 resistentia.
1186 824 1330 868 cessat,
1363 812 1567 873 siquidem
1585 817 1730 872 pluma
1748 818 1885 859 tenuis

160 894 204 927 et
222 901 372 928 aurum
392 886 571 928 solidum
591 887 742 944 aequali
762 902 857 929 cum
876 888 1093 930 velocitate
1111 889 1156 930 in
1175 887 1257 930 hoc
1275 903 1406 930 vacuo
1427 888 1596 930 cadunt.
1657 889 1714 931 Et
1731 905 1808 945 par
1824 899 1886 932 est

157 960 265 1001 ratio
295 960 525 1016 spatiorum
554 961 795 1012 coelestium,
827 976 921 1018 quae
942 970 1039 1004 sunt
1059 961 1185 1018 supra
1207 962 1529 1019 atmosphaeram
1556 963 1716 1006 Terrae.
1778 965 1885 1007 Cor-

159 1047 264 1087 pora
284 1033 426 1075 omnia
443 1034 489 1075 in
507 1034 596 1076 istis
617 1034 758 1089 spatiis
787 1034 998 1077 liberrime
1016 1036 1176 1077 moveri
1195 1036 1376 1086 debent3
1406 1044 1448 1078 et
1465 1046 1687 1092 propterea
1705 1038 1885 1094 planetae

161 1112 205 1145 et
224 1113 398 1146 cometae
417 1105 463 1146 in
482 1105 653 1147 orbibus
674 1107 811 1162 specie
831 1114 873 1148 et
891 1106 1098 1161 positione
1112 1106 1219 1149 datis
1235 1107 1465 1149 secundum
1483 1108 1596 1165 leges
1615 1108 1740 1164 supra
1755 1124 1886 1166 expo-

157 1177 256 1219 sitas
284 1177 488 1233 perpetue
516 1179 686 1221 revolvi.
749 1179 1082 1221 Perseverabunt
1102 1180 1273 1237 quidem
1301 1181 1346 1222 in
1366 1181 1537 1224 orbibus
1553 1183 1642 1224 suis
1661 1198 1740 1239 per
1767 1183 1882 1240 leges

156 1248 384 1304 gravitatis,
407 1248 482 1291 sed
500 1249 736 1307 regularem
756 1250 920 1292 orbium
936 1250 1061 1293 situm
1079 1250 1273 1307 primitus
1294 1252 1510 1309 acquirere
1526 1267 1604 1309 per
1623 1253 1736 1311 leges
1756 1252 1882 1296 hasce

156 1320 328 1363 minime
348 1329 590 1377 potuerunt.

217 1394 402 1436 Planetae
424 1411 498 1437 sex
516 1397 766 1453 principales
787 1399 1056 1440 revolvuntur
1075 1398 1233 1440 circum
1256 1398 1397 1442 Solem
1424 1399 1468 1440 in
1487 1398 1651 1441 circulis
1676 1398 1764 1442 Soli
1784 1413 1884 1440 con-

157 1465 362 1516 centricis,
385 1466 531 1509 eadem
551 1462 689 1512 motus
709 1468 950 1520 directione,
971 1470 1016 1511 in
1035 1470 1186 1512 eodem
1205 1470 1333 1525 plano
1354 1469 1683 1526 quamproxime.
1745 1470 1882 1512 Lunae

156 1535 302 1577 decem
330 1538 602 1580 revolvuntur
630 1539 787 1582 circum
817 1540 1009 1591 Terram,
1041 1541 1191 1582 Jovem
1211 1549 1252 1582 et
1275 1542 1503 1583 Saturnum
1530 1542 1574 1583 in
1596 1542 1760 1583 circulis
1782 1557 1883 1583 con-

156 1608 362 1660 centricis‚
397 1609 545 1654 eadem
577 1610 715 1654 motfis
749 1612 990 1663 directione,
1022 1613 1066 1653 in
1095 1612 1231 1668 planis
1259 1613 1424 1655 orbium
1452 1613 1716 1669 planetarum
1737 1629 1885 1670 quam-

158 1680 365 1735 proxime.
441 1683 492 1739 (ἕ)
531 1684 589 1726 Et
615 1685 661 1726 hi
690 1700 834 1727 omnes
867 1693 1005 1727 motus
1038 1685 1252 1742 regulares
1287 1686 1491 1743 originem
1522 1702 1607 1728 non
1640 1687 1798 1728 habent
1829 1701 1885 1728 ex

156 1754 290 1796 causis
319 1755 571 1799 mechanicis
583 1772 595 1807 3
637 1757 844 1813 siquidem
873 1765 1048 1799 cometae
1076 1758 1120 1798 in
1151 1758 1322 1799 orbibus
1352 1758 1474 1800 valde
1498 1758 1755 1809 eccentricis,
1778 1766 1820 1800 et
1839 1758 1884 1800 in

154 1840 300 1869 omnes
331 1827 532 1870 coelorum
561 1836 700 1884 partes
730 1828 859 1871 libere
888 1828 1090 1870 feruntur.
1153 1828 1253 1878 Quo
1272 1828 1410 1871 motus
1430 1845 1585 1886 genere
1605 1838 1779 1871 cometae
1807 1844 1885 1885 per

154 1899 278 1940 orbes
307 1899 570 1954 planetarum
598 1900 813 1942 celerrime
843 1908 885 1942 et
903 1899 1098 1942 facillime
1117 1908 1346 1951 transeunt,
1376 1909 1418 1943 et
1447 1903 1490 1942 in
1511 1903 1686 1957 apheliis
1707 1903 1790 1944 suis
1810 1903 1885 1944 ubi

156 1971 360 2012 tardiores
391 1979 488 2012 sunt
517 1979 560 2013 et
587 1971 744 2013 diutius
773 1979 1003 2022 morantur,
1036 1973 1162 2027 quam
1183 1972 1423 2029 longissime
1444 1973 1599 2015 distant
1618 1973 1671 2015 ab
1691 1974 1881 2025 invicem,

155 2051 204 2084 ut
223 2057 268 2084 se
287 2042 434 2084 mutue>
455 2041 579 2099 quam
599 2041 771 2084 minime
797 2044 976 2085 trahant.
1038 2042 1360 2098 Elegantissima
1378 2042 1519 2085 haecce
1542 2044 1664 2095 Solis,
1694 2043 1883 2100 planeta-

156 2127 251 2154 rum
272 2121 314 2155 et
333 2121 589 2155 cometarum
612 2128 836 2172 compages
856 2129 942 2156 non
962 2114 1041 2155 nisi
1062 2113 1235 2155 consilio
1255 2122 1296 2157 et
1316 2114 1502 2157 dominio
1523 2115 1628 2157 entis
1648 2114 1883 2173 intelligen-

156 2177 209 2227 tis'
229 2193 270 2226 et
288 2186 469 2240 potentis
490 2186 590 2227 oriri
608 2186 756 2240 potuit.
799 2186 857 2227 Et
877 2186 912 2227 si
931 2185 1061 2227 stellae
1082 2186 1181 2227 fixae
1202 2186 1284 2227 sint
1303 2194 1444 2228 centra
1465 2187 1661 2228 similium
1682 2195 1882 2244 systema-

156 2265 259 2308 tum,
286 2258 379 2300 haec
400 2258 540 2300 omnia
557 2259 680 2300 simili
700 2258 874 2300 consilio
894 2266 1132 2300 constructa
1153 2258 1353 2299 suberunt
1380 2259 1507 2300 Unius
1527 2258 1736 2300 dominio:
1767 2274 1878 2314 prae—

157 2329 298 2370 sertim
319 2328 415 2371 cum
434 2329 509 2371 lux
525 2330 710 2372 fixarum
730 2330 782 2371 sit
801 2329 986 2385 ejusdem
1007 2337 1168 2371 naturae
1186 2344 1235 2370 ac
1254 2329 1328 2370 lux
1351 2328 1473 2380 Solis,
1490 2338 1533 2371 et
1552 2338 1773 2386 systemata
1791 2346 1881 2372 om-

155 2401 225 2442 nia
257 2401 393 2443 lucem
427 2402 472 2443 in
501 2402 641 2444 omnia
667 2402 843 2444 invicem
875 2401 1112 2443 immittant.
1173 2400 1311 2442 Et'ne
1340 2400 1522 2442 fixarum
1550 2409 1775 2458 systemata
1801 2417 1879 2458 per

157 2474 401 2529 gravitatem
433 2488 550 2515 suam
578 2474 622 2515 in
652 2489 695 2516 se
723 2473 872 2516 mutue
901 2473 1063 2524 cadant,
1094 2473 1163 2514 hic
1183 2473 1328 2515 eadem
1354 2473 1599 2516 immensam
1619 2474 1672 2516 ab
1701 2475 1878 2517 invicem

157 2543 390 2602 distantiam
417 2545 613 2601 posuerit.

201 2659 247 2700 (Β)
260 2662 277 2679 ”
290 2661 332 2691 Ee
343 2662 375 2692 1ιί
381 2672 485 2693 omnes
497 2668 595 2693 motus
606 2664 770 2703 regulares.
797 2662 997 2694 Celeberrimi

158 2701 215 2731 viri
243 2702 382 2734 Joannes
408 2710 440 2734 et
471 2704 587 2735 Daniel
616 2706 830 2742 Bernoullius,
859 2706 943 2745 prior
963 2706 997 2736 in

161 2744 296 2784 Physica
323 2745 458 2782 Coelesti,
483 2747 634 2786 posterior
658 2748 691 2778 in
719 2748 998 2789 Disquisitionibus

160 2786 502 2826 Pysico-astronomicis
523 2790 735 2821 mechanicam
755 2791 904 2822 horumce
929 2801 996 2822 mo-

158 2834 251 2859 tuum
265 2839 390 2860 causam
405 2841 443 2861 ex
457 2832 622 2863 vorticibus
642 2839 797 2872 repetunt.
846 2833 907 2864 Sed
922 2833 996 2865 cum

158 2871 345 2902 mechanicae
367 2873 585 2911 explicationes
605 2876 668 2906 illae
689 2877 836 2906 omnibus
854 2876 997 2907 obnoxiae

158 2914 220 2944 sint
241 2914 474 2946 difficultatibus
495 2917 608 2957 quibus
631 2918 781 2949 vorticum
803 2919 998 2958 hypothesim

158 2957 255 2995 premi
267 2957 332 2997 jam
348 2958 549 2995 ostendimur»,
565 2961 639 2991 huic
654 2961 698 2991 rei
719 2960 838 2991 diutius
854 2971 916 2992 non
938 2962 996 2991 im-

158 3000 357 3029 morabimur.
421 3001 502 3030 Satis
529 3002 586 3032 erit
614 3003 784 3034 describere
808 3005 899 3034 verba
927 3014 998 3044 quae

158 3042 252 3072 habet
272 3042 364 3072 Joan.
386 3042 586 3074 Bernoullius
607 3047 798 3078 mentionem
821 3046 936 3077 faciens
958 3046 998 3077 de

159 3084 218 3114 hoc
232 3084 298 3122 ipso
315 3085 460 3115 Newtoni
475 3085 553 3116 loco.
587 3088 638 3128 (Si
653 3099 755 3119 causae
769 3089 832 3119 51]ae
846 3099 909 3118 non
924 3096 998 3119 sunt

158 3127 356 3164 mechanicae,
381 3134 473 3158 erunt
500 3132 766 3168 praeternaturales
792 3137 823 3162 et
846 3131 998 3163 miraculo

1040 2663 1232 2701 tribuendae3
1248 2663 1301 2694 sed
1317 2673 1467 2705 magnum
1482 2663 1700 2703 philosophum
1716 2673 1778 2694 non
1790 2663 1878 2694 decet

1040 2706 1081 2737 ad
1094 2706 1279 2737 miraculum
1292 2716 1456 2742 recurrere,
1467 2707 1520 2737 ubi
1535 2707 1666 2747 alicujus
1681 2705 1878 2745 phaenomeni

1040 2750 1189 2789 quaeritur
1202 2749 1394 2788 explicatio.)
1440 2749 1604 2790 Numquid
1627 2750 1695 2789 pari
1710 2750 1783 2789 jure
1800 2750 1878 2780 Car-

1040 2792 1194 2822 tesianum
1233 2791 1451 2831 philosophum
1489 2802 1653 2830 possumus
1688 2792 1878 2832 interrogare

1039 2835 1173 2875 quanam
1203 2834 1296 2865 causa
1331 2832 1511 2864 mechanica
1541 2834 1669 2865 vortices
1703 2834 1877 2865 secundum

1040 2878 1138 2907 varias
1159 2876 1341 2907 directiones
1361 2877 1510 2913 ferantur,
1532 2887 1588 2907 cur
1609 2878 1802 2916 planetarum
1817 2877 1876 2908 cir-

1040 2919 1263 2950 cumsolarinm
1286 2919 1412 2950 vortices
1431 2921 1470 2949 ab
1491 2919 1650 2950 occidente
1674 2920 1706 2949 in
1726 2919 1876 2950 orientem

1040 2963 1247 2994 moveantur?
1273 2962 1326 2992 ubi
1351 2963 1577 3001 phaenomenon
1600 2962 1725 3003 aliquod
1751 2962 1790 2993 ad
1813 2962 1876 3001 pri-

1039 3015 1124 3035 mam
1140 3014 1264 3041 causam
1280 3004 1449 3035 deductum
1464 3010 1519 3042 est,
1542 3004 1592 3035 hic
1606 3006 1721 3036 haerere
1736 3015 1876 3036 causam-

1040 3057 1102 3094 que
1115 3047 1325 3078 mechanicam
1341 3046 1472 3077 ulterius
1486 3054 1548 3077 non
1563 3057 1708 3088 quaerere,
1725 3057 1876 3090 magnum

1039 3090 1257 3131 philosophum
1275 3099 1338 3120 non
1355 3090 1491 3120 dedecet.
