<?xml version="1.0" encoding="UTF-8"?>
<!DOCTYPE html PUBLIC "-//W3C//DTD XHTML 1.0 Transitional//EN"
    "http://www.w3.org/TR/xhtml1/DTD/xhtml1-transitional.dtd">
<html xmlns="http://www.w3.org/1999/xhtml" xml:lang="en" lang="en">
 <head>
  <title>
</title>
<meta http-equiv="Content-Type" content="text/html;charset=utf-8" />
  <meta name='ocr-system' content='tesseract 3.04.00' />
  <meta name='ocr-capabilities' content='ocr_page ocr_carea ocr_par ocr_line ocrx_word'/>
</head>
<body>
  <div class='ocr_page' id='page_1' title='image "./philosophiaenatu04newtuoft_0036.png"; bbox 0 0 2072 3522; ppageno 0'>
   <div class='ocr_carea' id='block_1_1' title="bbox 243 276 299 313">
    <p class='ocr_par' dir='ltr' id='par_1_1' title="bbox 243 276 299 313">
     <span class='ocr_line' id='line_1_1' title="bbox 243 276 299 313; baseline 0 0"><span class='ocrx_word' id='word_1_1' title='bbox 243 276 299 313; x_wconf 81' lang='lat'>20</span> 
     </span>
    </p>
   </div>
   <div class='ocr_carea' id='block_1_2' title="bbox 642 265 1946 319">
    <p class='ocr_par' dir='ltr' id='par_1_2' title="bbox 642 265 1946 319">
     <span class='ocr_line' id='line_1_2' title="bbox 642 265 1946 319; baseline 0 -11"><span class='ocrx_word' id='word_1_2' title='bbox 642 266 1090 310; x_wconf 87' lang='lat' dir='ltr'>PHILOSOPHIAE</span> <span class='ocrx_word' id='word_1_3' title='bbox 1124 265 1481 310; x_wconf 89' lang='lat' dir='ltr'>NATURALIS</span> <span class='ocrx_word' id='word_1_4' title='bbox 1514 267 1608 319; x_wconf 73' lang='lat' dir='ltr'>[DE</span> <span class='ocrx_word' id='word_1_5' title='bbox 1631 267 1798 310; x_wconf 72' lang='lat' dir='ltr'>Mum).</span> <span class='ocrx_word' id='word_1_6' title='bbox 1823 269 1946 310; x_wconf 75' lang='lat' dir='ltr'>Sics&#39;r.</span> 
     </span>
    </p>
   </div>
   <div class='ocr_carea' id='block_1_3' title="bbox 242 378 1940 653">
    <p class='ocr_par' dir='ltr' id='par_1_3' title="bbox 242 378 1940 653">
     <span class='ocr_line' id='line_1_3' title="bbox 242 378 1940 438; baseline 0.003 -18"><span class='ocrx_word' id='word_1_7' title='bbox 242 379 442 421; x_wconf 70' lang='lat' dir='ltr'><strong>distantiis</strong></span> <span class='ocrx_word' id='word_1_8' title='bbox 466 378 571 421; x_wconf 90' lang='lat' dir='ltr'>Solis</span> <span class='ocrx_word' id='word_1_9' title='bbox 590 394 616 420; x_wconf 88' lang='lat' dir='ltr'>a</span> <span class='ocrx_word' id='word_1_10' title='bbox 635 379 780 430; x_wconf 64' lang='lat' dir='ltr'>Terra,</span> <span class='ocrx_word' id='word_1_11' title='bbox 812 379 982 421; x_wconf 84' lang='lat' dir='ltr'>variatio</span> <span class='ocrx_word' id='word_1_12' title='bbox 1001 380 1184 421; x_wconf 46' lang='lat' dir='ltr'>maxima*</span> <span class='ocrx_word' id='word_1_13' title='bbox 1208 388 1270 422; x_wconf 89' lang='lat' dir='ltr'>est</span> <span class='ocrx_word' id='word_1_14' title='bbox 1297 380 1341 421; x_wconf 93' lang='lat' dir='ltr'>in</span> <span class='ocrx_word' id='word_1_15' title='bbox 1370 381 1529 423; x_wconf 81' lang='lat' dir='ltr'>ratione</span> <span class='ocrx_word' id='word_1_16' title='bbox 1547 397 1640 438; x_wconf 85' lang='lat' dir='ltr'>quae</span> <span class='ocrx_word' id='word_1_17' title='bbox 1674 383 1940 438; x_wconf 72' lang='lat' dir='ltr'>componitur</span> 
     </span>
     <span class='ocr_line' id='line_1_4' title="bbox 244 452 1936 511; baseline 0.003 -18"><span class='ocrx_word' id='word_1_18' title='bbox 244 466 296 493; x_wconf 89' lang='lat' dir='ltr'>ex</span> <span class='ocrx_word' id='word_1_19' title='bbox 328 452 532 507; x_wconf 68' lang='lat' dir='ltr'>duplicata</span> <span class='ocrx_word' id='word_1_20' title='bbox 566 453 722 494; x_wconf 87' lang='lat' dir='ltr'>ratione</span> <span class='ocrx_word' id='word_1_21' title='bbox 743 453 939 507; x_wconf 89' lang='lat' dir='ltr'>temporis</span> <span class='ocrx_word' id='word_1_22' title='bbox 971 452 1236 494; x_wconf 86' lang='lat' dir='ltr'>revolutionis</span> <span class='ocrx_word' id='word_1_23' title='bbox 1267 454 1474 509; x_wconf 82' lang='lat' dir='ltr'>synodicae</span> <span class='ocrx_word' id='word_1_24' title='bbox 1505 454 1662 496; x_wconf 85' lang='lat' dir='ltr'>lunaris</span> <span class='ocrx_word' id='word_1_25' title='bbox 1693 456 1811 511; x_wconf 88' lang='lat' dir='ltr'>(dato</span> <span class='ocrx_word' id='word_1_26' title='bbox 1840 455 1936 499; x_wconf 87' lang='lat' dir='ltr'>anni</span> 
     </span>
     <span class='ocr_line' id='line_1_5' title="bbox 243 522 1938 578; baseline 0.002 -14"><span class='ocrx_word' id='word_1_27' title='bbox 243 524 447 578; x_wconf 85' lang='lat' dir='ltr'>tempore)</span> <span class='ocrx_word' id='word_1_28' title='bbox 469 522 635 573; x_wconf 72' lang='lat' dir='ltr'>directe,</span> <span class='ocrx_word' id='word_1_29' title='bbox 673 530 714 564; x_wconf 87' lang='lat' dir='ltr'>et</span> <span class='ocrx_word' id='word_1_30' title='bbox 746 522 948 577; x_wconf 71' lang='lat' dir='ltr'>triplicata</span> <span class='ocrx_word' id='word_1_31' title='bbox 982 523 1140 564; x_wconf 89' lang='lat' dir='ltr'>ratione</span> <span class='ocrx_word' id='word_1_32' title='bbox 1171 522 1374 565; x_wconf 83' lang='lat' dir='ltr'>distantiae</span> <span class='ocrx_word' id='word_1_33' title='bbox 1396 524 1502 566; x_wconf 89' lang='lat' dir='ltr'>Solis</span> <span class='ocrx_word' id='word_1_34' title='bbox 1538 539 1562 565; x_wconf 89' lang='lat' dir='ltr'>a</span> <span class='ocrx_word' id='word_1_35' title='bbox 1597 525 1730 566; x_wconf 68' lang='lat' dir='ltr'>Terra</span> <span class='ocrx_word' id='word_1_36' title='bbox 1765 524 1938 568; x_wconf 62' lang='lat' dir='ltr'>inverse.</span> 
     </span>
     <span class='ocr_line' id='line_1_6' title="bbox 245 593 1938 653; baseline 0.002 -18"><span class='ocrx_word' id='word_1_37' title='bbox 245 594 293 650; x_wconf 76' lang='lat'>(⁰)</span> <span class='ocrx_word' id='word_1_38' title='bbox 326 593 510 650; x_wconf 75' lang='lat' dir='ltr'>Ideoque</span> <span class='ocrx_word' id='word_1_39' title='bbox 528 595 573 635; x_wconf 89' lang='lat' dir='ltr'>in</span> <span class='ocrx_word' id='word_1_40' title='bbox 591 609 763 651; x_wconf 85' lang='lat' dir='ltr'>apogaeo</span> <span class='ocrx_word' id='word_1_41' title='bbox 787 594 892 636; x_wconf 83' lang='lat' dir='ltr'>Solis</span> <span class='ocrx_word' id='word_1_42' title='bbox 913 595 1083 636; x_wconf 83' lang='lat' dir='ltr'><strong>variatio</strong></span> <span class='ocrx_word' id='word_1_43' title='bbox 1101 597 1282 636; x_wconf 85' lang='lat' dir='ltr'>maxima</span> <span class='ocrx_word' id='word_1_44' title='bbox 1301 603 1364 636; x_wconf 89' lang='lat' dir='ltr'>est</span> <span class='ocrx_word' id='word_1_45' title='bbox 1385 598 1464 637; x_wconf 80' lang='lat'>33&#39;.</span> <span class='ocrx_word' id='word_1_46' title='bbox 1489 598 1579 647; x_wconf 65' lang='grc' dir='ltr'>ΜΝ,</span> <span class='ocrx_word' id='word_1_47' title='bbox 1601 604 1643 638; x_wconf 89' lang='lat' dir='ltr'>et</span> <span class='ocrx_word' id='word_1_48' title='bbox 1661 598 1704 638; x_wconf 93' lang='lat' dir='ltr'>in</span> <span class='ocrx_word' id='word_1_49' title='bbox 1724 598 1938 653; x_wconf 78' lang='lat' dir='ltr'>ejus-peri-</span> 
     </span>
    </p>
   </div>
   <div class='ocr_carea' id='block_1_4' title="bbox 238 708 1074 2188">
    <p class='ocr_par' dir='ltr' id='par_1_4' title="bbox 243 708 1074 875">
     <span class='ocr_line' id='line_1_7' title="bbox 244 708 1072 750; baseline -0.002 -10"><span class='ocrx_word' id='word_1_50' title='bbox 244 709 371 740; x_wconf 82' lang='lat' dir='ltr'>effectus</span> <span class='ocrx_word' id='word_1_51' title='bbox 384 714 468 740; x_wconf 78' lang='lat' dir='ltr'>totus</span> <span class='ocrx_word' id='word_1_52' title='bbox 490 723 510 740; x_wconf 78' lang='grc' dir='ltr'>οι</span> <span class='ocrx_word' id='word_1_53' title='bbox 529 711 558 739; x_wconf 90' lang='grc' dir='ltr'><strong>Α</strong></span> <span class='ocrx_word' id='word_1_54' title='bbox 581 708 639 740; x_wconf 89' lang='lat' dir='ltr'>erit</span> <span class='ocrx_word' id='word_1_55' title='bbox 659 714 697 740; x_wconf 86' lang='lat' dir='ltr'>ut</span> <span class='ocrx_word' id='word_1_56' title='bbox 718 708 902 750; x_wconf 85' lang='lat' dir='ltr'>quadratum</span> <span class='ocrx_word' id='word_1_57' title='bbox 927 708 1072 748; x_wconf 86' lang='lat' dir='ltr'>temporis</span> 
     </span>
     <span class='ocr_line' id='line_1_8' title="bbox 243 750 1068 792; baseline 0 -11"><span class='ocrx_word' id='word_1_58' title='bbox 243 761 300 790; x_wconf 83' lang='lat' dir='ltr'>per</span> <span class='ocrx_word' id='word_1_59' title='bbox 312 752 395 792; x_wconf 91' lang='lat' dir='ltr'>quod</span> <span class='ocrx_word' id='word_1_60' title='bbox 409 751 471 782; x_wconf 85' lang='lat' dir='ltr'>illae</span> <span class='ocrx_word' id='word_1_61' title='bbox 483 751 562 781; x_wconf 84' lang='lat' dir='ltr'>vires</span> <span class='ocrx_word' id='word_1_62' title='bbox 576 757 706 792; x_wconf 87' lang='lat' dir='ltr'>egerunt</span> <span class='ocrx_word' id='word_1_63' title='bbox 716 761 770 791; x_wconf 89' lang='lat' dir='ltr'>per</span> <span class='ocrx_word' id='word_1_64' title='bbox 783 752 853 782; x_wconf 90' lang='lat' dir='ltr'>Cor.</span> <span class='ocrx_word' id='word_1_65' title='bbox 871 754 897 781; x_wconf 87' lang='lat'>1.</span> <span class='ocrx_word' id='word_1_66' title='bbox 918 750 1008 781; x_wconf 89' lang='lat' dir='ltr'>Lem.</span> <span class='ocrx_word' id='word_1_67' title='bbox 1023 751 1068 781; x_wconf 89' lang='lat' dir='ltr'>X.</span> 
     </span>
     <span class='ocr_line' id='line_1_9' title="bbox 246 792 1074 834; baseline -0.001 -10"><span class='ocrx_word' id='word_1_68' title='bbox 246 793 317 825; x_wconf 89' lang='lat' dir='ltr'>Lib.</span> <span class='ocrx_word' id='word_1_69' title='bbox 334 794 362 824; x_wconf 91' lang='lat'>1.</span> <span class='ocrx_word' id='word_1_70' title='bbox 380 792 511 834; x_wconf 73' lang='lat' dir='ltr'>ideoque</span> <span class='ocrx_word' id='word_1_71' title='bbox 526 801 555 824; x_wconf 91' lang='grc' dir='ltr'>Π</span> <span class='ocrx_word' id='word_1_72' title='bbox 573 801 605 824; x_wconf 79' lang='grc' dir='ltr'>Ψ</span> <span class='ocrx_word' id='word_1_73' title='bbox 620 793 726 824; x_wconf 86' lang='lat' dir='ltr'>crescit</span> <span class='ocrx_word' id='word_1_74' title='bbox 739 792 911 824; x_wconf 78' lang='lat' dir='ltr'>secundum</span> <span class='ocrx_word' id='word_1_75' title='bbox 925 793 1074 834; x_wconf 85' lang='lat' dir='ltr'>quadrata</span> 
     </span>
     <span class='ocr_line' id='line_1_10' title="bbox 244 841 638 875; baseline -0.003 -9"><span class='ocrx_word' id='word_1_76' title='bbox 244 841 427 875; x_wconf 87' lang='lat' dir='ltr'>temporum.</span> <span class='ocrx_word' id='word_1_77' title='bbox 635 848 638 852; x_wconf 95' lang='lat'>·</span> 
     </span>
    </p>

    <p class='ocr_par' dir='ltr' id='par_1_5' title="bbox 240 877 1073 1847">
     <span class='ocr_line' id='line_1_11' title="bbox 288 877 1072 917; baseline -0.003 -8"><span class='ocrx_word' id='word_1_78' title='bbox 288 878 382 909; x_wconf 85' lang='lat' dir='ltr'>Idem</span> <span class='ocrx_word' id='word_1_79' title='bbox 399 878 655 909; x_wconf 78' lang='lat' dir='ltr'><strong>demonstrabitur</strong></span> <span class='ocrx_word' id='word_1_80' title='bbox 679 878 718 909; x_wconf 89' lang='lat' dir='ltr'>de</span> <span class='ocrx_word' id='word_1_81' title='bbox 740 877 879 917; x_wconf 85' lang='lat' dir='ltr'>portione</span> <span class='ocrx_word' id='word_1_82' title='bbox 899 877 1072 908; x_wconf 81' lang='lat' dir='ltr'>variationis</span> 
     </span>
     <span class='ocr_line' id='line_1_12' title="bbox 245 919 1073 961; baseline -0.002 -10"><span class='ocrx_word' id='word_1_83' title='bbox 245 927 278 951; x_wconf 78' lang='grc' dir='ltr'>Ψ</span> <span class='ocrx_word' id='word_1_84' title='bbox 292 935 314 951; x_wconf 78' lang='grc' dir='ltr'><em>ω</em></span> <span class='ocrx_word' id='word_1_85' title='bbox 336 930 406 961; x_wconf 82' lang='lat' dir='ltr'>quae</span> <span class='ocrx_word' id='word_1_86' title='bbox 427 921 539 959; x_wconf 81' lang='lat' dir='ltr'><strong>pendet</strong></span> <span class='ocrx_word' id='word_1_87' title='bbox 563 930 600 951; x_wconf 88' lang='lat' dir='ltr'>ex</span> <span class='ocrx_word' id='word_1_88' title='bbox 622 921 838 952; x_wconf 84' lang='lat' dir='ltr'>acceleratione</span> <span class='ocrx_word' id='word_1_89' title='bbox 862 919 1073 959; x_wconf 84' lang='lat' dir='ltr'>descriptionis</span> 
     </span>
     <span class='ocr_line' id='line_1_13' title="bbox 243 962 1068 1003; baseline -0.002 -9"><span class='ocrx_word' id='word_1_90' title='bbox 243 972 343 1001; x_wconf 78' lang='lat' dir='ltr'>areae3</span> <span class='ocrx_word' id='word_1_91' title='bbox 372 963 486 1003; x_wconf 81' lang='lat' dir='ltr'>quippe</span> <span class='ocrx_word' id='word_1_92' title='bbox 508 964 703 993; x_wconf 89' lang='lat' dir='ltr'>manentibus</span> <span class='ocrx_word' id='word_1_93' title='bbox 726 962 870 993; x_wconf 89' lang='lat' dir='ltr'>omnibus</span> <span class='ocrx_word' id='word_1_94' title='bbox 890 968 926 992; x_wconf 90' lang='lat' dir='ltr'>ut</span> <span class='ocrx_word' id='word_1_95' title='bbox 946 962 978 992; x_wconf 89' lang='lat' dir='ltr'>in</span> <span class='ocrx_word' id='word_1_96' title='bbox 1004 968 1068 992; x_wconf 86' lang='lat' dir='ltr'>not.</span> 
     </span>
     <span class='ocr_line' id='line_1_14' title="bbox 247 1004 1072 1046; baseline 0 -11"><span class='ocrx_word' id='word_1_97' title='bbox 247 1008 317 1035; x_wconf 80' lang='lat'><strong>112.</strong></span> <span class='ocrx_word' id='word_1_98' title='bbox 334 1011 365 1035; x_wconf 87' lang='lat' dir='ltr'>et</span> <span class='ocrx_word' id='word_1_99' title='bbox 377 1005 429 1046; x_wconf 88' lang='lat' dir='ltr'>fig.</span> <span class='ocrx_word' id='word_1_100' title='bbox 450 1005 495 1036; x_wconf 74' lang='lat'>8².</span> <span class='ocrx_word' id='word_1_101' title='bbox 521 1011 604 1035; x_wconf 87' lang='lat' dir='ltr'>recta</span> <span class='ocrx_word' id='word_1_102' title='bbox 621 1006 646 1036; x_wconf 93' lang='lat' dir='ltr'>C</span> <span class='ocrx_word' id='word_1_103' title='bbox 664 1006 695 1035; x_wconf 95' lang='lat' dir='ltr'>A</span> <span class='ocrx_word' id='word_1_104' title='bbox 709 1005 810 1045; x_wconf 80' lang='lat' dir='ltr'>majus</span> <span class='ocrx_word' id='word_1_105' title='bbox 830 1010 952 1043; x_wconf 87' lang='lat' dir='ltr'>tempus</span> <span class='ocrx_word' id='word_1_106' title='bbox 972 1004 1072 1045; x_wconf 86' lang='lat' dir='ltr'>desig-</span> 
     </span>
     <span class='ocr_line' id='line_1_15' title="bbox 243 1046 1070 1086; baseline 0 -9"><span class='ocrx_word' id='word_1_107' title='bbox 243 1056 317 1078; x_wconf 90' lang='lat' dir='ltr'>nare</span> <span class='ocrx_word' id='word_1_108' title='bbox 325 1054 492 1085; x_wconf 80' lang='lat' dir='ltr'>censeatur,</span> <span class='ocrx_word' id='word_1_109' title='bbox 504 1055 534 1077; x_wconf 88' lang='lat' dir='ltr'>et</span> <span class='ocrx_word' id='word_1_110' title='bbox 542 1054 642 1086; x_wconf 85' lang='lat' dir='ltr'>partes</span> <span class='ocrx_word' id='word_1_111' title='bbox 653 1047 681 1078; x_wconf 92' lang='lat' dir='ltr'>P</span> <span class='ocrx_word' id='word_1_112' title='bbox 690 1058 710 1086; x_wconf 90' lang='lat' dir='ltr'>p</span> <span class='ocrx_word' id='word_1_113' title='bbox 721 1046 913 1086; x_wconf 80' lang='lat' dir='ltr'>tempuscula</span> <span class='ocrx_word' id='word_1_114' title='bbox 921 1047 954 1076; x_wconf 93' lang='lat' dir='ltr'>in</span> <span class='ocrx_word' id='word_1_115' title='bbox 963 1047 1070 1077; x_wconf 85' lang='lat' dir='ltr'>eadem</span> 
     </span>
     <span class='ocr_line' id='line_1_16' title="bbox 243 1089 1070 1130; baseline -0.001 -10"><span class='ocrx_word' id='word_1_116' title='bbox 243 1090 361 1120; x_wconf 83' lang='lat' dir='ltr'>ratione</span> <span class='ocrx_word' id='word_1_117' title='bbox 371 1090 519 1130; x_wconf 82' lang='lat' dir='ltr'>longiora,</span> <span class='ocrx_word' id='word_1_118' title='bbox 535 1089 625 1120; x_wconf 88' lang='lat' dir='ltr'>lineae</span> <span class='ocrx_word' id='word_1_119' title='bbox 638 1090 664 1120; x_wconf 91' lang='lat' dir='ltr'>P</span> <span class='ocrx_word' id='word_1_120' title='bbox 678 1090 715 1120; x_wconf 93' lang='lat' dir='ltr'>M</span> <span class='ocrx_word' id='word_1_121' title='bbox 727 1089 888 1130; x_wconf 87' lang='lat' dir='ltr'>designant</span> <span class='ocrx_word' id='word_1_122' title='bbox 899 1089 1070 1120; x_wconf 77' lang='lat' dir='ltr'>velocitates</span> 
     </span>
     <span class='ocr_line' id='line_1_17' title="bbox 242 1131 1069 1172; baseline 0 -11"><span class='ocrx_word' id='word_1_123' title='bbox 242 1132 362 1172; x_wconf 84' lang='lat' dir='ltr'>genitas</span> <span class='ocrx_word' id='word_1_124' title='bbox 382 1132 512 1162; x_wconf 84' lang='lat' dir='ltr'>durante</span> <span class='ocrx_word' id='word_1_125' title='bbox 526 1138 683 1162; x_wconf 90' lang='lat' dir='ltr'>momento</span> <span class='ocrx_word' id='word_1_126' title='bbox 708 1132 736 1162; x_wconf 91' lang='lat' dir='ltr'>P</span> <span class='ocrx_word' id='word_1_127' title='bbox 751 1142 781 1170; x_wconf 90' lang='lat' dir='ltr'>p,</span> <span class='ocrx_word' id='word_1_128' title='bbox 806 1131 831 1161; x_wconf 87' lang='lat' dir='ltr'>si</span> <span class='ocrx_word' id='word_1_129' title='bbox 854 1142 927 1172; x_wconf 81' lang='lat' dir='ltr'>ergo</span> <span class='ocrx_word' id='word_1_130' title='bbox 947 1131 980 1161; x_wconf 88' lang='lat' dir='ltr'>id</span> <span class='ocrx_word' id='word_1_131' title='bbox 1002 1142 1069 1162; x_wconf 87' lang='lat' dir='ltr'>mo·</span> 
     </span>
     <span class='ocr_line' id='line_1_18' title="bbox 242 1173 1069 1217; baseline 0 -14"><span class='ocrx_word' id='word_1_132' title='bbox 242 1179 384 1217; x_wconf 79' lang='lat' dir='ltr'>mentum</span> <span class='ocrx_word' id='word_1_133' title='bbox 413 1180 526 1204; x_wconf 85' lang='lat' dir='ltr'>crescat</span> <span class='ocrx_word' id='word_1_134' title='bbox 554 1174 667 1204; x_wconf 88' lang='lat' dir='ltr'>viribus</span> <span class='ocrx_word' id='word_1_135' title='bbox 695 1173 933 1215; x_wconf 86' lang='lat' dir='ltr'>generatricibus</span> <span class='ocrx_word' id='word_1_136' title='bbox 960 1173 1069 1204; x_wconf 88' lang='lat' dir='ltr'>iisdem</span> 
     </span>
     <span class='ocr_line' id='line_1_19' title="bbox 243 1215 1070 1257; baseline 0 -12"><span class='ocrx_word' id='word_1_137' title='bbox 243 1215 447 1253; x_wconf 83' lang='lat' dir='ltr'>manentibus,</span> <span class='ocrx_word' id='word_1_138' title='bbox 463 1216 637 1247; x_wconf 71' lang='lat' dir='ltr'>velocitates</span> <span class='ocrx_word' id='word_1_139' title='bbox 650 1217 762 1257; x_wconf 77' lang='lat' dir='ltr'>genitae</span> <span class='ocrx_word' id='word_1_140' title='bbox 784 1216 812 1246; x_wconf 93' lang='lat' dir='ltr'>P</span> <span class='ocrx_word' id='word_1_141' title='bbox 827 1216 866 1246; x_wconf 94' lang='lat' dir='ltr'>M</span> <span class='ocrx_word' id='word_1_142' title='bbox 880 1222 1016 1250; x_wconf 81' lang='lat' dir='ltr'>crescent</span> <span class='ocrx_word' id='word_1_143' title='bbox 1036 1216 1070 1257; x_wconf 83' lang='lat' dir='ltr'>in</span> 
     </span>
     <span class='ocr_line' id='line_1_20' title="bbox 242 1258 1072 1298; baseline 0 -10"><span class='ocrx_word' id='word_1_144' title='bbox 242 1258 436 1297; x_wconf 84' lang='lat' dir='ltr'>proportione</span> <span class='ocrx_word' id='word_1_145' title='bbox 451 1258 603 1297; x_wconf 90' lang='lat' dir='ltr'>temporis,</span> <span class='ocrx_word' id='word_1_146' title='bbox 620 1264 651 1288; x_wconf 91' lang='lat' dir='ltr'>et</span> <span class='ocrx_word' id='word_1_147' title='bbox 664 1258 736 1298; x_wconf 89' lang='lat' dir='ltr'>quia</span> <span class='ocrx_word' id='word_1_148' title='bbox 753 1258 782 1288; x_wconf 90' lang='lat' dir='ltr'><strong>P</strong></span> <span class='ocrx_word' id='word_1_149' title='bbox 794 1268 815 1297; x_wconf 91' lang='lat' dir='ltr'>p</span> <span class='ocrx_word' id='word_1_150' title='bbox 831 1258 870 1288; x_wconf 91' lang='lat' dir='ltr'>M</span> <span class='ocrx_word' id='word_1_151' title='bbox 885 1267 918 1287; x_wconf 90' lang='lat' dir='ltr'>m</span> <span class='ocrx_word' id='word_1_152' title='bbox 931 1258 1072 1298; x_wconf 82' lang='lat' dir='ltr'>designat</span> 
     </span>
     <span class='ocr_line' id='line_1_21' title="bbox 243 1298 1070 1340; baseline 0 -10"><span class='ocrx_word' id='word_1_153' title='bbox 243 1300 408 1339; x_wconf 85' lang='lat' dir='ltr'>spatiolum</span> <span class='ocrx_word' id='word_1_154' title='bbox 422 1298 477 1330; x_wconf 67' lang='lat' dir='ltr'>illa</span> <span class='ocrx_word' id='word_1_155' title='bbox 492 1300 650 1330; x_wconf 85' lang='lat' dir='ltr'>velocitate</span> <span class='ocrx_word' id='word_1_156' title='bbox 663 1310 853 1339; x_wconf 87' lang='lat' dir='ltr'>percursum,</span> <span class='ocrx_word' id='word_1_157' title='bbox 869 1305 1070 1340; x_wconf 86' lang='lat' dir='ltr'>crescuntque</span> 
     </span>
     <span class='ocr_line' id='line_1_22' title="bbox 242 1342 1071 1381; baseline 0 -8"><span class='ocrx_word' id='word_1_158' title='bbox 242 1349 274 1373; x_wconf 88' lang='lat' dir='ltr'>et</span> <span class='ocrx_word' id='word_1_159' title='bbox 301 1343 330 1373; x_wconf 92' lang='lat' dir='ltr'>P</span> <span class='ocrx_word' id='word_1_160' title='bbox 346 1343 385 1373; x_wconf 92' lang='lat' dir='ltr'>M</span> <span class='ocrx_word' id='word_1_161' title='bbox 408 1348 440 1373; x_wconf 89' lang='lat' dir='ltr'>et</span> <span class='ocrx_word' id='word_1_162' title='bbox 466 1342 495 1372; x_wconf 91' lang='lat' dir='ltr'><strong>P</strong></span> <span class='ocrx_word' id='word_1_163' title='bbox 509 1353 529 1381; x_wconf 93' lang='lat' dir='ltr'>p</span> <span class='ocrx_word' id='word_1_164' title='bbox 552 1342 585 1372; x_wconf 86' lang='lat' dir='ltr'>in</span> <span class='ocrx_word' id='word_1_165' title='bbox 609 1342 726 1373; x_wconf 83' lang='lat' dir='ltr'>ratione</span> <span class='ocrx_word' id='word_1_166' title='bbox 746 1348 929 1381; x_wconf 81' lang='lat' dir='ltr'>temporum,</span> <span class='ocrx_word' id='word_1_167' title='bbox 957 1348 1071 1376; x_wconf 85' lang='lat' dir='ltr'>crescet</span> 
     </span>
     <span class='ocr_line' id='line_1_23' title="bbox 245 1383 1069 1424; baseline -0.001 -9"><span class='ocrx_word' id='word_1_168' title='bbox 245 1384 275 1415; x_wconf 91' lang='lat' dir='ltr'>P</span> <span class='ocrx_word' id='word_1_169' title='bbox 290 1385 330 1415; x_wconf 91' lang='lat' dir='ltr'>M</span> <span class='ocrx_word' id='word_1_170' title='bbox 344 1395 377 1414; x_wconf 91' lang='lat' dir='ltr'>m</span> <span class='ocrx_word' id='word_1_171' title='bbox 390 1395 411 1423; x_wconf 87' lang='lat' dir='ltr'>p</span> <span class='ocrx_word' id='word_1_172' title='bbox 426 1384 459 1415; x_wconf 89' lang='lat' dir='ltr'>in</span> <span class='ocrx_word' id='word_1_173' title='bbox 473 1385 590 1415; x_wconf 85' lang='lat' dir='ltr'>ratione</span> <span class='ocrx_word' id='word_1_174' title='bbox 604 1383 761 1424; x_wconf 68' lang='lat' dir='ltr'>duplicata</span> <span class='ocrx_word' id='word_1_175' title='bbox 774 1390 958 1423; x_wconf 87' lang='lat' dir='ltr'>temporum,</span> <span class='ocrx_word' id='word_1_176' title='bbox 982 1383 1069 1414; x_wconf 69' lang='lat' dir='ltr'>cum-</span> 
     </span>
     <span class='ocr_line' id='line_1_24' title="bbox 242 1425 1069 1468; baseline -0.001 -11"><span class='ocrx_word' id='word_1_177' title='bbox 242 1436 304 1467; x_wconf 85' lang='lat' dir='ltr'>que</span> <span class='ocrx_word' id='word_1_178' title='bbox 325 1426 449 1468; x_wconf 86' lang='lat' dir='ltr'>singula</span> <span class='ocrx_word' id='word_1_179' title='bbox 463 1427 615 1457; x_wconf 89' lang='lat' dir='ltr'>elementa</span> <span class='ocrx_word' id='word_1_180' title='bbox 629 1437 730 1457; x_wconf 83' lang='lat' dir='ltr'>curvae</span> <span class='ocrx_word' id='word_1_181' title='bbox 754 1427 788 1457; x_wconf 88' lang='lat' dir='ltr'>in</span> <span class='ocrx_word' id='word_1_182' title='bbox 813 1425 850 1457; x_wconf 63' lang='lat' dir='ltr'>ea</span> <span class='ocrx_word' id='word_1_183' title='bbox 874 1426 1069 1466; x_wconf 82' lang='lat' dir='ltr'>proportione</span> 
     </span>
     <span class='ocr_line' id='line_1_25' title="bbox 243 1469 1070 1508; baseline -0.002 -8"><span class='ocrx_word' id='word_1_184' title='bbox 243 1475 387 1507; x_wconf 81' lang='lat' dir='ltr'>crescant,</span> <span class='ocrx_word' id='word_1_185' title='bbox 411 1475 443 1499; x_wconf 88' lang='lat' dir='ltr'>et</span> <span class='ocrx_word' id='word_1_186' title='bbox 467 1474 531 1500; x_wconf 84' lang='lat' dir='ltr'>tota</span> <span class='ocrx_word' id='word_1_187' title='bbox 554 1479 623 1499; x_wconf 87' lang='lat' dir='ltr'>area</span> <span class='ocrx_word' id='word_1_188' title='bbox 651 1470 677 1500; x_wconf 89' lang='lat' dir='ltr'>C</span> <span class='ocrx_word' id='word_1_189' title='bbox 705 1471 735 1499; x_wconf 83' lang='lat' dir='ltr'>A</span> <span class='ocrx_word' id='word_1_190' title='bbox 763 1469 807 1504; x_wconf 90' lang='lat' dir='ltr'>H,</span> <span class='ocrx_word' id='word_1_191' title='bbox 835 1475 866 1499; x_wconf 88' lang='lat' dir='ltr'>et</span> <span class='ocrx_word' id='word_1_192' title='bbox 890 1469 919 1499; x_wconf 90' lang='lat' dir='ltr'>ei</span> <span class='ocrx_word' id='word_1_193' title='bbox 944 1469 1070 1508; x_wconf 82' lang='lat' dir='ltr'>aequalis</span> 
     </span>
     <span class='ocr_line' id='line_1_26' title="bbox 246 1509 1069 1552; baseline -0.001 -10"><span class='ocrx_word' id='word_1_194' title='bbox 246 1511 272 1542; x_wconf 93' lang='lat' dir='ltr'>C</span> <span class='ocrx_word' id='word_1_195' title='bbox 290 1512 318 1541; x_wconf 89' lang='lat' dir='ltr'>A</span> <span class='ocrx_word' id='word_1_196' title='bbox 337 1511 371 1541; x_wconf 91' lang='lat' dir='ltr'>X</span> <span class='ocrx_word' id='word_1_197' title='bbox 389 1512 428 1548; x_wconf 88' lang='lat' dir='ltr'>Y,</span> <span class='ocrx_word' id='word_1_198' title='bbox 452 1511 576 1552; x_wconf 88' lang='lat' dir='ltr'>ejusque</span> <span class='ocrx_word' id='word_1_199' title='bbox 590 1511 717 1541; x_wconf 80' lang='lat' dir='ltr'>dimidia</span> <span class='ocrx_word' id='word_1_200' title='bbox 734 1511 760 1542; x_wconf 94' lang='lat' dir='ltr'>C</span> <span class='ocrx_word' id='word_1_201' title='bbox 779 1512 813 1546; x_wconf 82' lang='lat' dir='ltr'>Q</span> <span class='ocrx_word' id='word_1_202' title='bbox 827 1512 852 1541; x_wconf 92' lang='lat' dir='ltr'>Z</span> <span class='ocrx_word' id='word_1_203' title='bbox 869 1511 899 1542; x_wconf 87' lang='lat' dir='ltr'>Y</span> <span class='ocrx_word' id='word_1_204' title='bbox 912 1511 945 1540; x_wconf 90' lang='lat' dir='ltr'>in</span> <span class='ocrx_word' id='word_1_205' title='bbox 960 1509 1069 1541; x_wconf 67' lang='lat' dir='ltr'>efflem</span> 
     </span>
     <span class='ocr_line' id='line_1_27' title="bbox 241 1553 1067 1594; baseline -0.001 -10"><span class='ocrx_word' id='word_1_206' title='bbox 241 1553 437 1593; x_wconf 85' lang='lat' dir='ltr'>proportione</span> <span class='ocrx_word' id='word_1_207' title='bbox 447 1560 598 1591; x_wconf 80' lang='lat' dir='ltr'>crescent3</span> <span class='ocrx_word' id='word_1_208' title='bbox 614 1563 650 1585; x_wconf 89' lang='lat' dir='ltr'>ex</span> <span class='ocrx_word' id='word_1_209' title='bbox 661 1553 723 1594; x_wconf 70' lang='lat' dir='ltr'>qua</span> <span class='ocrx_word' id='word_1_210' title='bbox 733 1554 758 1584; x_wconf 91' lang='lat' dir='ltr'>si</span> <span class='ocrx_word' id='word_1_211' title='bbox 769 1553 945 1584; x_wconf 83' lang='lat' dir='ltr'>detrahatur</span> <span class='ocrx_word' id='word_1_212' title='bbox 958 1553 984 1584; x_wconf 92' lang='lat' dir='ltr'>C</span> <span class='ocrx_word' id='word_1_213' title='bbox 999 1554 1033 1589; x_wconf 80' lang='lat' dir='ltr'><strong>Q</strong></span> <span class='ocrx_word' id='word_1_214' title='bbox 1042 1553 1067 1583; x_wconf 91' lang='lat' dir='ltr'><strong>Z</strong></span> 
     </span>
     <span class='ocr_line' id='line_1_28' title="bbox 242 1594 1070 1636; baseline -0.001 -10"><span class='ocrx_word' id='word_1_215' title='bbox 242 1596 326 1636; x_wconf 88' lang='lat' dir='ltr'>quod</span> <span class='ocrx_word' id='word_1_216' title='bbox 354 1595 387 1625; x_wconf 87' lang='lat' dir='ltr'>in</span> <span class='ocrx_word' id='word_1_217' title='bbox 416 1594 526 1626; x_wconf 65' lang='lat' dir='ltr'>eadem</span> <span class='ocrx_word' id='word_1_218' title='bbox 557 1596 752 1635; x_wconf 85' lang='lat' dir='ltr'>proportione</span> <span class='ocrx_word' id='word_1_219' title='bbox 780 1596 882 1633; x_wconf 86' lang='lat' dir='ltr'>crevit,</span> <span class='ocrx_word' id='word_1_220' title='bbox 915 1596 1070 1636; x_wconf 86' lang='lat' dir='ltr'>reliquum</span> 
     </span>
     <span class='ocr_line' id='line_1_29' title="bbox 245 1638 1071 1679; baseline 0 -11"><span class='ocrx_word' id='word_1_221' title='bbox 245 1638 272 1669; x_wconf 89' lang='lat' dir='ltr'>C</span> <span class='ocrx_word' id='word_1_222' title='bbox 289 1638 314 1668; x_wconf 91' lang='lat' dir='ltr'>Z</span> <span class='ocrx_word' id='word_1_223' title='bbox 332 1639 362 1669; x_wconf 90' lang='lat' dir='ltr'>Y</span> <span class='ocrx_word' id='word_1_224' title='bbox 375 1638 459 1679; x_wconf 90' lang='lat' dir='ltr'>quod</span> <span class='ocrx_word' id='word_1_225' title='bbox 472 1648 551 1669; x_wconf 81' lang='lat' dir='ltr'>areae</span> <span class='ocrx_word' id='word_1_226' title='bbox 565 1638 724 1669; x_wconf 87' lang='lat' dir='ltr'>variationi</span> <span class='ocrx_word' id='word_1_227' title='bbox 737 1638 881 1669; x_wconf 81' lang='lat' dir='ltr'>maximae</span> <span class='ocrx_word' id='word_1_228' title='bbox 896 1645 928 1669; x_wconf 75' lang='grc' dir='ltr'><strong>Ψ</strong></span> <span class='ocrx_word' id='word_1_229' title='bbox 946 1638 975 1668; x_wconf 93' lang='grc' dir='ltr'>Τ</span> <span class='ocrx_word' id='word_1_230' title='bbox 989 1652 1010 1668; x_wconf 77' lang='lat' dir='ltr'>u</span> <span class='ocrx_word' id='word_1_231' title='bbox 1025 1643 1071 1669; x_wconf 87' lang='lat' dir='ltr'>est</span> 
     </span>
     <span class='ocr_line' id='line_1_30' title="bbox 240 1673 1071 1720; baseline 0.001 -10"><span class='ocrx_word' id='word_1_232' title='bbox 240 1673 476 1720; x_wconf 75' lang='lat' dir='ltr'>proportionale,</span> <span class='ocrx_word' id='word_1_233' title='bbox 499 1687 611 1712; x_wconf 88' lang='lat' dir='ltr'>crescet</span> <span class='ocrx_word' id='word_1_234' title='bbox 625 1680 718 1711; x_wconf 84' lang='lat' dir='ltr'>etiam</span> <span class='ocrx_word' id='word_1_235' title='bbox 738 1681 772 1710; x_wconf 91' lang='lat' dir='ltr'>in</span> <span class='ocrx_word' id='word_1_236' title='bbox 792 1679 899 1711; x_wconf 69' lang='lat' dir='ltr'>eadem</span> <span class='ocrx_word' id='word_1_237' title='bbox 914 1679 1071 1719; x_wconf 66' lang='lat' dir='ltr'>duplicata</span> 
     </span>
     <span class='ocr_line' id='line_1_31' title="bbox 241 1722 1067 1763; baseline 0.001 -10"><span class='ocrx_word' id='word_1_238' title='bbox 241 1723 359 1753; x_wconf 87' lang='lat' dir='ltr'>ratione</span> <span class='ocrx_word' id='word_1_239' title='bbox 380 1729 563 1762; x_wconf 88' lang='lat' dir='ltr'>temporum,</span> <span class='ocrx_word' id='word_1_240' title='bbox 589 1728 734 1754; x_wconf 86' lang='lat' dir='ltr'>manente</span> <span class='ocrx_word' id='word_1_241' title='bbox 758 1723 860 1763; x_wconf 84' lang='lat' dir='ltr'>itaque</span> <span class='ocrx_word' id='word_1_242' title='bbox 884 1722 969 1753; x_wconf 87' lang='lat' dir='ltr'>radio</span> <span class='ocrx_word' id='word_1_243' title='bbox 994 1723 1023 1753; x_wconf 90' lang='lat' dir='ltr'>T</span> <span class='ocrx_word' id='word_1_244' title='bbox 1037 1737 1067 1759; x_wconf 74' lang='lat' dir='ltr'>u,</span> 
     </span>
     <span class='ocr_line' id='line_1_32' title="bbox 240 1763 1069 1805; baseline 0 -10"><span class='ocrx_word' id='word_1_245' title='bbox 240 1764 306 1804; x_wconf 89' lang='lat' dir='ltr'>ipse</span> <span class='ocrx_word' id='word_1_246' title='bbox 319 1775 408 1796; x_wconf 85' lang='lat' dir='ltr'>arcus</span> <span class='ocrx_word' id='word_1_247' title='bbox 423 1772 455 1796; x_wconf 76' lang='grc' dir='ltr'>Ψ</span> <span class='ocrx_word' id='word_1_248' title='bbox 470 1780 491 1797; x_wconf 75' lang='grc' dir='ltr'><em>ω</em></span> <span class='ocrx_word' id='word_1_249' title='bbox 506 1772 619 1796; x_wconf 89' lang='lat' dir='ltr'>crescet</span> <span class='ocrx_word' id='word_1_250' title='bbox 631 1765 664 1795; x_wconf 87' lang='lat' dir='ltr'>in</span> <span class='ocrx_word' id='word_1_251' title='bbox 680 1763 836 1805; x_wconf 68' lang='lat' dir='ltr'>duplicata</span> <span class='ocrx_word' id='word_1_252' title='bbox 859 1765 977 1796; x_wconf 87' lang='lat' dir='ltr'>ratione</span> <span class='ocrx_word' id='word_1_253' title='bbox 991 1770 1069 1796; x_wconf 88' lang='lat' dir='ltr'>tem-</span> 
     </span>
     <span class='ocr_line' id='line_1_33' title="bbox 240 1817 361 1847; baseline 0 -9"><span class='ocrx_word' id='word_1_254' title='bbox 240 1817 361 1847; x_wconf 89' lang='lat' dir='ltr'>porum.</span> 
     </span>
    </p>

    <p class='ocr_par' dir='ltr' id='par_1_6' title="bbox 239 1848 1069 2017">
     <span class='ocr_line' id='line_1_34' title="bbox 285 1848 1069 1889; baseline 0.001 -9"><span class='ocrx_word' id='word_1_255' title='bbox 285 1850 372 1880; x_wconf 92' lang='lat' dir='ltr'>Hinc</span> <span class='ocrx_word' id='word_1_256' title='bbox 386 1849 460 1881; x_wconf 76' lang='lat' dir='ltr'>cum</span> <span class='ocrx_word' id='word_1_257' title='bbox 487 1857 517 1881; x_wconf 90' lang='grc' dir='ltr'>Π</span> <span class='ocrx_word' id='word_1_258' title='bbox 534 1858 566 1881; x_wconf 80' lang='grc' dir='ltr'><strong><em>Ψ</em></strong></span> <span class='ocrx_word' id='word_1_259' title='bbox 591 1855 705 1881; x_wconf 87' lang='lat' dir='ltr'>crescat</span> <span class='ocrx_word' id='word_1_260' title='bbox 726 1850 760 1880; x_wconf 87' lang='lat' dir='ltr'>in</span> <span class='ocrx_word' id='word_1_261' title='bbox 783 1848 939 1889; x_wconf 71' lang='lat' dir='ltr'>duplicata</span> <span class='ocrx_word' id='word_1_262' title='bbox 952 1850 1069 1881; x_wconf 86' lang='lat' dir='ltr'>ratione</span> 
     </span>
     <span class='ocr_line' id='line_1_35' title="bbox 239 1892 1068 1932; baseline 0.002 -10"><span class='ocrx_word' id='word_1_263' title='bbox 239 1897 425 1932; x_wconf 88' lang='lat' dir='ltr'>temporum,</span> <span class='ocrx_word' id='word_1_264' title='bbox 447 1899 516 1923; x_wconf 91' lang='lat' dir='ltr'>tum</span> <span class='ocrx_word' id='word_1_265' title='bbox 530 1893 623 1923; x_wconf 87' lang='lat' dir='ltr'>etiam</span> <span class='ocrx_word' id='word_1_266' title='bbox 645 1900 677 1924; x_wconf 82' lang='grc' dir='ltr'>Ψ</span> <span class='ocrx_word' id='word_1_267' title='bbox 692 1907 723 1929; x_wconf 84' lang='grc' dir='ltr'>ω,</span> <span class='ocrx_word' id='word_1_268' title='bbox 746 1902 867 1922; x_wconf 88' lang='lat' dir='ltr'>summa</span> <span class='ocrx_word' id='word_1_269' title='bbox 881 1892 984 1932; x_wconf 82' lang='lat' dir='ltr'>itaque</span> <span class='ocrx_word' id='word_1_270' title='bbox 1000 1900 1030 1924; x_wconf 91' lang='grc' dir='ltr'>Π</span> <span class='ocrx_word' id='word_1_271' title='bbox 1046 1907 1068 1924; x_wconf 76' lang='grc' dir='ltr'><em>ω</em></span> 
     </span>
     <span class='ocr_line' id='line_1_36' title="bbox 240 1933 1068 1974; baseline 0.002 -10"><span class='ocrx_word' id='word_1_272' title='bbox 240 1935 304 1965; x_wconf 84' lang='lat' dir='ltr'>sive</span> <span class='ocrx_word' id='word_1_273' title='bbox 318 1941 381 1966; x_wconf 85' lang='lat' dir='ltr'>tota</span> <span class='ocrx_word' id='word_1_274' title='bbox 391 1935 516 1966; x_wconf 81' lang='lat' dir='ltr'>variatio</span> <span class='ocrx_word' id='word_1_275' title='bbox 527 1941 639 1966; x_wconf 86' lang='lat' dir='ltr'>crescet</span> <span class='ocrx_word' id='word_1_276' title='bbox 653 1934 686 1965; x_wconf 87' lang='lat' dir='ltr'>in</span> <span class='ocrx_word' id='word_1_277' title='bbox 701 1933 809 1965; x_wconf 69' lang='lat' dir='ltr'>eadem</span> <span class='ocrx_word' id='word_1_278' title='bbox 820 1934 974 1974; x_wconf 72' lang='lat' dir='ltr'>duplicata</span> <span class='ocrx_word' id='word_1_279' title='bbox 988 1940 1068 1966; x_wconf 86' lang='lat' dir='ltr'>tem-</span> 
     </span>
     <span class='ocr_line' id='line_1_37' title="bbox 239 1977 492 2017; baseline 0 -10"><span class='ocrx_word' id='word_1_280' title='bbox 239 1987 352 2017; x_wconf 88' lang='lat' dir='ltr'>porum</span> <span class='ocrx_word' id='word_1_281' title='bbox 365 1977 492 2008; x_wconf 88' lang='lat' dir='ltr'>ratione.</span> 
     </span>
    </p>

    <p class='ocr_par' dir='ltr' id='par_1_7' title="bbox 238 2018 1069 2188">
     <span class='ocr_line' id='line_1_38' title="bbox 284 2018 1067 2060; baseline 0.001 -10"><span class='ocrx_word' id='word_1_282' title='bbox 284 2019 367 2050; x_wconf 91' lang='lat' dir='ltr'>Dico</span> <span class='ocrx_word' id='word_1_283' title='bbox 387 2026 535 2059; x_wconf 68' lang='lat' dir='ltr'>praeterea</span> <span class='ocrx_word' id='word_1_284' title='bbox 555 2020 639 2060; x_wconf 91' lang='lat' dir='ltr'>quod</span> <span class='ocrx_word' id='word_1_285' title='bbox 663 2020 689 2050; x_wconf 81' lang='lat' dir='ltr'>si</span> <span class='ocrx_word' id='word_1_286' title='bbox 714 2025 867 2059; x_wconf 85' lang='lat' dir='ltr'>spectetur</span> <span class='ocrx_word' id='word_1_287' title='bbox 891 2018 1067 2051; x_wconf 86' lang='lat' dir='ltr'>imminutio</span> 
     </span>
     <span class='ocr_line' id='line_1_39' title="bbox 239 2061 1068 2101; baseline 0.002 -9"><span class='ocrx_word' id='word_1_288' title='bbox 239 2061 367 2092; x_wconf 81' lang='lat' dir='ltr'>actionis</span> <span class='ocrx_word' id='word_1_289' title='bbox 380 2062 459 2093; x_wconf 93' lang='lat' dir='ltr'>Solis</span> <span class='ocrx_word' id='word_1_290' title='bbox 472 2068 596 2101; x_wconf 82' lang='lat' dir='ltr'>propter</span> <span class='ocrx_word' id='word_1_291' title='bbox 610 2068 731 2093; x_wconf 87' lang='lat' dir='ltr'>auctam</span> <span class='ocrx_word' id='word_1_292' title='bbox 743 2062 926 2098; x_wconf 84' lang='lat' dir='ltr'>distantiam,</span> <span class='ocrx_word' id='word_1_293' title='bbox 943 2062 1068 2094; x_wconf 85' lang='lat' dir='ltr'>variatio</span> 
     </span>
     <span class='ocr_line' id='line_1_40' title="bbox 238 2103 1067 2143; baseline 0.001 -9"><span class='ocrx_word' id='word_1_294' title='bbox 238 2104 374 2135; x_wconf 81' lang='lat' dir='ltr'>maxima</span> <span class='ocrx_word' id='word_1_295' title='bbox 387 2104 540 2135; x_wconf 86' lang='lat' dir='ltr'>decrescet</span> <span class='ocrx_word' id='word_1_296' title='bbox 560 2105 593 2135; x_wconf 90' lang='lat' dir='ltr'>in</span> <span class='ocrx_word' id='word_1_297' title='bbox 614 2105 731 2135; x_wconf 89' lang='lat' dir='ltr'>ratione</span> <span class='ocrx_word' id='word_1_298' title='bbox 745 2104 895 2143; x_wconf 72' lang='lat' dir='ltr'>triplicata</span> <span class='ocrx_word' id='word_1_299' title='bbox 911 2103 1067 2135; x_wconf 84' lang='lat' dir='ltr'>distantia-</span> 
     </span>
     <span class='ocr_line' id='line_1_41' title="bbox 238 2146 1069 2188; baseline 0.002 -12"><span class='ocrx_word' id='word_1_300' title='bbox 238 2155 319 2184; x_wconf 82' lang='lat' dir='ltr'>rum,</span> <span class='ocrx_word' id='word_1_301' title='bbox 342 2152 423 2178; x_wconf 72' lang='lat' dir='ltr'>&#39;nam</span> <span class='ocrx_word' id='word_1_302' title='bbox 448 2147 625 2188; x_wconf 87' lang='lat' dir='ltr'>designetur</span> <span class='ocrx_word' id='word_1_303' title='bbox 648 2147 694 2177; x_wconf 85' lang='lat' dir='ltr'>vis</span> <span class='ocrx_word' id='word_1_304' title='bbox 721 2147 884 2177; x_wconf 88' lang='lat' dir='ltr'>mediocris</span> <span class='ocrx_word' id='word_1_305' title='bbox 911 2146 990 2177; x_wconf 88' lang='lat' dir='ltr'>Solis</span> <span class='ocrx_word' id='word_1_306' title='bbox 1013 2157 1069 2188; x_wconf 86' lang='lat' dir='ltr'>per</span> 
     </span>
    </p>
   </div>
   <div class='ocr_carea' id='block_1_5' title="bbox 283 2191 1068 2252">
    <p class='ocr_par' dir='ltr' id='par_1_8' title="bbox 283 2191 1068 2252">
     <span class='ocr_line' id='line_1_42' title="bbox 283 2191 1068 2252; baseline 0 -6"><span class='ocrx_word' id='word_1_307' title='bbox 283 2191 297 2218; x_wconf 70' lang='lat'>¹</span> <span class='ocrx_word' id='word_1_308' title='bbox 343 2236 352 2252; x_wconf 93' lang='lat'><strong>‚</strong></span> <span class='ocrx_word' id='word_1_309' title='bbox 375 2219 422 2246; x_wconf 82' lang='lat' dir='ltr'>est</span> <span class='ocrx_word' id='word_1_310' title='bbox 435 2224 473 2245; x_wconf 89' lang='lat' dir='ltr'>ex</span> <span class='ocrx_word' id='word_1_311' title='bbox 488 2214 714 2246; x_wconf 87' lang='lat' dir='ltr'>constructione</span> <span class='ocrx_word' id='word_1_312' title='bbox 731 2215 753 2245; x_wconf 93' lang='lat' dir='ltr'>S</span> <span class='ocrx_word' id='word_1_313' title='bbox 770 2214 803 2244; x_wconf 83' lang='lat' dir='ltr'><strong>K</strong></span> <span class='ocrx_word' id='word_1_314' title='bbox 818 2214 858 2245; x_wconf 84' lang='lat' dir='ltr'>ad</span> <span class='ocrx_word' id='word_1_315' title='bbox 874 2215 903 2245; x_wconf 88' lang='lat' dir='ltr'>T</span> <span class='ocrx_word' id='word_1_316' title='bbox 918 2214 958 2245; x_wconf 89' lang='lat' dir='ltr'>M</span> <span class='ocrx_word' id='word_1_317' title='bbox 973 2219 1009 2245; x_wconf 90' lang='lat' dir='ltr'>ut</span> <span class='ocrx_word' id='word_1_318' title='bbox 1022 2215 1068 2246; x_wconf 89' lang='lat' dir='ltr'>vis</span> 
     </span>
    </p>
   </div>
   <div class='ocr_carea' id='block_1_6' title="bbox 242 2233 338 2239">
    <p class='ocr_par' dir='ltr' id='par_1_9' title="bbox 242 2233 338 2239">
     <span class='ocr_line' id='line_1_43' title="bbox 242 2233 338 2239; baseline 0 0"><span class='ocrx_word' id='word_1_319' title='bbox 242 2233 338 2239; x_wconf 95' lang='lat' dir='ltr'> </span> 
     </span>
    </p>
   </div>
   <div class='ocr_carea' id='block_1_7' title="bbox 241 2241 1066 2409">
    <p class='ocr_par' dir='ltr' id='par_1_10' title="bbox 241 2241 1066 2409">
     <span class='ocr_line' id='line_1_44' title="bbox 241 2241 341 2271; baseline 0 0"><span class='ocrx_word' id='word_1_320' title='bbox 241 2241 341 2271; x_wconf 85' lang='lat' dir='ltr'>SK2</span> 
     </span>
     <span class='ocr_line' id='line_1_45' title="bbox 241 2287 1066 2367; baseline 0 -28"><span class='ocrx_word' id='word_1_321' title='bbox 241 2308 321 2339; x_wconf 89' lang='lat' dir='ltr'>Solis</span> <span class='ocrx_word' id='word_1_322' title='bbox 334 2309 398 2340; x_wconf 87' lang='lat' dir='ltr'>sive</span> <span class='ocrx_word' id='word_1_323' title='bbox 412 2316 448 2340; x_wconf 91' lang='lat' dir='ltr'>ut</span> <span class='ocrx_word' id='word_1_324' title='bbox 467 2287 571 2367; x_wconf 51' lang='grc' dir='ltr'>-ἑ-ἒῇ</span> <span class='ocrx_word' id='word_1_325' title='bbox 596 2310 635 2341; x_wconf 86' lang='lat' dir='ltr'>ad</span> <span class='ocrx_word' id='word_1_326' title='bbox 658 2310 721 2341; x_wconf 85' lang='lat' dir='ltr'>vim</span> <span class='ocrx_word' id='word_1_327' title='bbox 745 2310 774 2341; x_wconf 90' lang='lat' dir='ltr'>T</span> <span class='ocrx_word' id='word_1_328' title='bbox 790 2308 838 2347; x_wconf 90' lang='lat' dir='ltr'>M,</span> <span class='ocrx_word' id='word_1_329' title='bbox 865 2319 940 2350; x_wconf 88' lang='lat' dir='ltr'>ergo</span> <span class='ocrx_word' id='word_1_330' title='bbox 963 2319 1000 2340; x_wconf 85' lang='lat' dir='ltr'>ea</span> <span class='ocrx_word' id='word_1_331' title='bbox 1020 2308 1066 2339; x_wconf 88' lang='lat' dir='ltr'>vis</span> 
     </span>
     <span class='ocr_line' id='line_1_46' title="bbox 464 2379 548 2409; baseline 0 0"><span class='ocrx_word' id='word_1_332' title='bbox 464 2379 548 2409; x_wconf 90' lang='lat' dir='ltr'>TM</span> 
     </span>
    </p>
   </div>
   <div class='ocr_carea' id='block_1_8' title="bbox 241 2402 561 2461">
    <p class='ocr_par' dir='ltr' id='par_1_11' title="bbox 241 2402 561 2461">
     <span class='ocr_line' id='line_1_47' title="bbox 241 2402 561 2461; baseline 0.003 -28"><span class='ocrx_word' id='word_1_333' title='bbox 241 2402 472 2461; x_wconf 87' lang='lat' dir='ltr'>TMestutS</span> <span class='ocrx_word' id='word_1_334' title='bbox 499 2431 561 2461; x_wconf 82' lang='lat' dir='ltr'>K³</span> 
     </span>
    </p>
   </div>
   <div class='ocr_carea' id='block_1_9' title="bbox 232 2471 1066 3101">
    <p class='ocr_par' dir='ltr' id='par_1_12' title="bbox 232 2471 1066 2936">
     <span class='ocr_line' id='line_1_48' title="bbox 237 2471 1066 2512; baseline 0 -11"><span class='ocrx_word' id='word_1_335' title='bbox 237 2471 364 2512; x_wconf 82' lang='lat' dir='ltr'>aequalis</span> <span class='ocrx_word' id='word_1_336' title='bbox 381 2472 409 2503; x_wconf 89' lang='lat' dir='ltr'>P</span> <span class='ocrx_word' id='word_1_337' title='bbox 425 2473 472 2511; x_wconf 89' lang='lat' dir='ltr'>T;</span> <span class='ocrx_word' id='word_1_338' title='bbox 489 2473 534 2503; x_wconf 85' lang='lat' dir='ltr'>vis</span> <span class='ocrx_word' id='word_1_339' title='bbox 551 2473 579 2503; x_wconf 92' lang='lat' dir='ltr'>T</span> <span class='ocrx_word' id='word_1_340' title='bbox 595 2473 634 2503; x_wconf 92' lang='lat' dir='ltr'>M</span> <span class='ocrx_word' id='word_1_341' title='bbox 649 2483 687 2504; x_wconf 86' lang='lat' dir='ltr'>ex</span> <span class='ocrx_word' id='word_1_342' title='bbox 701 2472 820 2504; x_wconf 82' lang='lat' dir='ltr'>actione</span> <span class='ocrx_word' id='word_1_343' title='bbox 835 2471 915 2502; x_wconf 85' lang='lat' dir='ltr'>Solis</span> <span class='ocrx_word' id='word_1_344' title='bbox 929 2471 1066 2511; x_wconf 86' lang='lat' dir='ltr'>pendens</span> 
     </span>
     <span class='ocr_line' id='line_1_49' title="bbox 236 2513 1064 2555; baseline -0.001 -11"><span class='ocrx_word' id='word_1_345' title='bbox 236 2513 383 2545; x_wconf 88' lang='lat' dir='ltr'>decrescit</span> <span class='ocrx_word' id='word_1_346' title='bbox 405 2520 441 2545; x_wconf 89' lang='lat' dir='ltr'>ut</span> <span class='ocrx_word' id='word_1_347' title='bbox 463 2515 677 2545; x_wconf 77' lang='lat' dir='ltr'>distantiarum</span> <span class='ocrx_word' id='word_1_348' title='bbox 700 2517 798 2546; x_wconf 85' lang='lat' dir='ltr'>cubus</span> <span class='ocrx_word' id='word_1_349' title='bbox 820 2519 973 2555; x_wconf 79' lang='lat' dir='ltr'>augetur3</span> <span class='ocrx_word' id='word_1_350' title='bbox 997 2524 1064 2544; x_wconf 52' lang='lat' dir='ltr'>ma,</span> 
     </span>
     <span class='ocr_line' id='line_1_50' title="bbox 235 2555 1066 2598; baseline 0 -12"><span class='ocrx_word' id='word_1_351' title='bbox 235 2561 329 2587; x_wconf 87' lang='lat' dir='ltr'>nente</span> <span class='ocrx_word' id='word_1_352' title='bbox 352 2567 425 2598; x_wconf 83' lang='lat' dir='ltr'>ergo</span> <span class='ocrx_word' id='word_1_353' title='bbox 449 2563 595 2597; x_wconf 85' lang='lat' dir='ltr'>tempore,</span> <span class='ocrx_word' id='word_1_354' title='bbox 619 2557 673 2588; x_wconf 91' lang='lat' dir='ltr'>sed</span> <span class='ocrx_word' id='word_1_355' title='bbox 698 2558 729 2588; x_wconf 83' lang='lat' dir='ltr'>vi</span> <span class='ocrx_word' id='word_1_356' title='bbox 752 2556 871 2588; x_wconf 73' lang='lat' dir='ltr'>mutata</span> <span class='ocrx_word' id='word_1_357' title='bbox 895 2555 1066 2587; x_wconf 67' lang='lat' dir='ltr'>secundum</span> 
     </span>
     <span class='ocr_line' id='line_1_51' title="bbox 235 2598 1063 2639; baseline -0.001 -10"><span class='ocrx_word' id='word_1_358' title='bbox 235 2599 386 2630; x_wconf 81' lang='lat' dir='ltr'>rationem</span> <span class='ocrx_word' id='word_1_359' title='bbox 395 2599 586 2639; x_wconf 82' lang='lat' dir='ltr'>triplicatam,</span> <span class='ocrx_word' id='word_1_360' title='bbox 602 2598 711 2631; x_wconf 68' lang='lat' dir='ltr'>eadem</span> <span class='ocrx_word' id='word_1_361' title='bbox 725 2599 789 2631; x_wconf 69' lang='lat' dir='ltr'>fere</span> <span class='ocrx_word' id='word_1_362' title='bbox 798 2599 914 2630; x_wconf 84' lang='lat' dir='ltr'>ratione</span> <span class='ocrx_word' id='word_1_363' title='bbox 928 2609 964 2629; x_wconf 84' lang='lat' dir='ltr'>ac</span> <span class='ocrx_word' id='word_1_364' title='bbox 977 2599 1063 2638; x_wconf 91' lang='lat' dir='ltr'>prius</span> 
     </span>
     <span class='ocr_line' id='line_1_52' title="bbox 236 2641 1063 2683; baseline -0.002 -11"><span class='ocrx_word' id='word_1_365' title='bbox 236 2641 412 2672; x_wconf 73' lang='lat' dir='ltr'>ostendetur</span> <span class='ocrx_word' id='word_1_366' title='bbox 427 2648 588 2683; x_wconf 83' lang='lat' dir='ltr'>utramque</span> <span class='ocrx_word' id='word_1_367' title='bbox 602 2642 774 2673; x_wconf 79' lang='lat' dir='ltr'>variationis</span> <span class='ocrx_word' id='word_1_368' title='bbox 787 2641 931 2672; x_wconf 82' lang='lat' dir='ltr'>maximae</span> <span class='ocrx_word' id='word_1_369' title='bbox 945 2647 1063 2680; x_wconf 84' lang='lat' dir='ltr'>partem</span> 
     </span>
     <span class='ocr_line' id='line_1_53' title="bbox 236 2681 1064 2722; baseline -0.001 -8"><span class='ocrx_word' id='word_1_370' title='bbox 236 2689 267 2714; x_wconf 90' lang='grc' dir='ltr'>Π</span> <span class='ocrx_word' id='word_1_371' title='bbox 284 2691 317 2714; x_wconf 77' lang='grc' dir='ltr'>Ψ</span> <span class='ocrx_word' id='word_1_372' title='bbox 331 2698 351 2714; x_wconf 77' lang='lat' dir='ltr'>u</span> <span class='ocrx_word' id='word_1_373' title='bbox 377 2690 409 2715; x_wconf 86' lang='lat' dir='ltr'>et</span> <span class='ocrx_word' id='word_1_374' title='bbox 433 2692 466 2716; x_wconf 81' lang='grc' dir='ltr'>Ψ</span> <span class='ocrx_word' id='word_1_375' title='bbox 480 2699 501 2715; x_wconf 77' lang='grc' dir='ltr'><em>ω</em></span> <span class='ocrx_word' id='word_1_376' title='bbox 525 2686 590 2715; x_wconf 85' lang='lat' dir='ltr'>fore</span> <span class='ocrx_word' id='word_1_377' title='bbox 603 2684 721 2716; x_wconf 63' lang='lat' dir='ltr'>iuver-sd</span> <span class='ocrx_word' id='word_1_378' title='bbox 734 2684 767 2714; x_wconf 90' lang='lat' dir='ltr'>in</span> <span class='ocrx_word' id='word_1_379' title='bbox 781 2684 898 2715; x_wconf 85' lang='lat' dir='ltr'>ratione</span> <span class='ocrx_word' id='word_1_380' title='bbox 912 2681 1064 2722; x_wconf 64' lang='lat' dir='ltr'>triplicata</span> 
     </span>
     <span class='ocr_line' id='line_1_54' title="bbox 235 2725 1063 2768; baseline 0 -12"><span class='ocrx_word' id='word_1_381' title='bbox 235 2725 447 2757; x_wconf 82' lang='lat' dir='ltr'>distantiarum</span> <span class='ocrx_word' id='word_1_382' title='bbox 479 2726 577 2766; x_wconf 84' lang='lat' dir='ltr'>Solis;</span> <span class='ocrx_word' id='word_1_383' title='bbox 610 2730 739 2768; x_wconf 75' lang='lat' dir='ltr'>hincque</span> <span class='ocrx_word' id='word_1_384' title='bbox 763 2728 798 2758; x_wconf 81' lang='lat' dir='ltr'>in</span> <span class='ocrx_word' id='word_1_385' title='bbox 825 2728 913 2758; x_wconf 77' lang='lat' dir='ltr'>variis</span> <span class='ocrx_word' id='word_1_386' title='bbox 942 2727 1015 2757; x_wconf 77' lang='lat' dir='ltr'>Solis</span> <span class='ocrx_word' id='word_1_387' title='bbox 1043 2737 1063 2756; x_wconf 86' lang='lat' dir='ltr'>a</span> 
     </span>
     <span class='ocr_line' id='line_1_55' title="bbox 242 2767 1064 2811; baseline 0 -13"><span class='ocrx_word' id='word_1_388' title='bbox 242 2768 337 2800; x_wconf 72' lang='lat' dir='ltr'>Termi</span> <span class='ocrx_word' id='word_1_389' title='bbox 352 2771 499 2801; x_wconf 77' lang='lat' dir='ltr'>distantiis</span> <span class='ocrx_word' id='word_1_390' title='bbox 522 2781 592 2811; x_wconf 82' lang='lat' dir='ltr'>quoe</span> <span class='ocrx_word' id='word_1_391' title='bbox 616 2772 651 2802; x_wconf 77' lang='lat' dir='ltr'>in</span> <span class='ocrx_word' id='word_1_392' title='bbox 675 2769 754 2800; x_wconf 78' lang='lat' dir='ltr'>datia</span> <span class='ocrx_word' id='word_1_393' title='bbox 778 2768 850 2799; x_wconf 90' lang='lat' dir='ltr'>anni</span> <span class='ocrx_word' id='word_1_394' title='bbox 876 2767 1064 2808; x_wconf 85' lang='lat' dir='ltr'>temporibus</span> 
     </span>
     <span class='ocr_line' id='line_1_56' title="bbox 235 2813 1063 2853; baseline 0.001 -14"><span class='ocrx_word' id='word_1_395' title='bbox 235 2818 405 2847; x_wconf 89' lang='lat' dir='ltr'>recurrunt,</span> <span class='ocrx_word' id='word_1_396' title='bbox 415 2815 590 2853; x_wconf 69' lang='lat' dir='ltr'>variationes</span> <span class='ocrx_word' id='word_1_397' title='bbox 599 2814 738 2844; x_wconf 71' lang='lat' dir='ltr'>marimoe</span> <span class='ocrx_word' id='word_1_398' title='bbox 747 2817 836 2843; x_wconf 79' lang='lat' dir='ltr'>erum</span> <span class='ocrx_word' id='word_1_399' title='bbox 846 2813 925 2841; x_wconf 79' lang='lat' dir='ltr'>inter</span> <span class='ocrx_word' id='word_1_400' title='bbox 933 2821 963 2841; x_wconf 74' lang='lat' dir='ltr'>se</span> <span class='ocrx_word' id='word_1_401' title='bbox 972 2813 1004 2841; x_wconf 84' lang='lat' dir='ltr'>in</span> <span class='ocrx_word' id='word_1_402' title='bbox 1013 2822 1063 2840; x_wconf 83' lang='lat' dir='ltr'>ra-</span> 
     </span>
     <span class='ocr_line' id='line_1_57' title="bbox 235 2853 1063 2894; baseline 0.001 -12"><span class='ocrx_word' id='word_1_403' title='bbox 235 2853 315 2883; x_wconf 81' lang='lat' dir='ltr'>tione</span> <span class='ocrx_word' id='word_1_404' title='bbox 329 2854 480 2893; x_wconf 67' lang='lat' dir='ltr'>duplicant</span> <span class='ocrx_word' id='word_1_405' title='bbox 491 2857 659 2894; x_wconf 71' lang='lat' dir='ltr'>durationis</span> <span class='ocrx_word' id='word_1_406' title='bbox 671 2856 777 2886; x_wconf 73' lang='lat' dir='ltr'>mmsis</span> <span class='ocrx_word' id='word_1_407' title='bbox 787 2855 922 2894; x_wconf 79' lang='lat' dir='ltr'>synodici</span> <span class='ocrx_word' id='word_1_408' title='bbox 938 2863 969 2884; x_wconf 89' lang='lat' dir='ltr'>eo</span> <span class='ocrx_word' id='word_1_409' title='bbox 987 2858 1063 2883; x_wconf 83' lang='lat' dir='ltr'>tem-</span> 
     </span>
     <span class='ocr_line' id='line_1_58' title="bbox 232 2893 1061 2936; baseline 0 -11"><span class='ocrx_word' id='word_1_410' title='bbox 232 2904 314 2934; x_wconf 80' lang='lat' dir='ltr'>pore,</span> <span class='ocrx_word' id='word_1_411' title='bbox 331 2902 357 2926; x_wconf 80' lang='lat' dir='ltr'>et</span> <span class='ocrx_word' id='word_1_412' title='bbox 373 2896 524 2936; x_wconf 62' lang='lat' dir='ltr'>trifflicatd</span> <span class='ocrx_word' id='word_1_413' title='bbox 538 2897 652 2929; x_wconf 64' lang='lat' dir='ltr'>inverse</span> <span class='ocrx_word' id='word_1_414' title='bbox 667 2898 817 2928; x_wconf 69' lang='lat' dir='ltr'>distantia</span> <span class='ocrx_word' id='word_1_415' title='bbox 826 2897 899 2926; x_wconf 80' lang='lat' dir='ltr'>Solis</span> <span class='ocrx_word' id='word_1_416' title='bbox 914 2907 934 2929; x_wconf 79' lang='lat' dir='ltr'>a</span> <span class='ocrx_word' id='word_1_417' title='bbox 954 2893 1061 2926; x_wconf 75' lang='lat' dir='ltr'>Terra.</span> 
     </span>
    </p>

    <p class='ocr_par' dir='ltr' id='par_1_13' title="bbox 236 2937 1065 3061">
     <span class='ocr_line' id='line_1_59' title="bbox 280 2937 1065 2986; baseline -0.003 -17"><span class='ocrx_word' id='word_1_418' title='bbox 280 2937 325 2986; x_wconf 60' lang='grc' dir='ltr'>(ο)</span> <span class='ocrx_word' id='word_1_419' title='bbox 352 2941 365 2956; x_wconf 73' lang='grc'><em>“</em></span> <span class='ocrx_word' id='word_1_420' title='bbox 385 2940 525 2980; x_wconf 56' lang='lat' dir='ltr'>Iamque,</span> <span class='ocrx_word' id='word_1_421' title='bbox 541 2941 597 2970; x_wconf 59' lang='lat' dir='ltr'>&amp;a</span> <span class='ocrx_word' id='word_1_422' title='bbox 646 2939 698 2970; x_wconf 86' lang='lat' dir='ltr'>Ex</span> <span class='ocrx_word' id='word_1_423' title='bbox 718 2939 766 2969; x_wconf 87' lang='lat' dir='ltr'>his</span> <span class='ocrx_word' id='word_1_424' title='bbox 779 2944 810 2968; x_wconf 86' lang='lat' dir='ltr'>et</span> <span class='ocrx_word' id='word_1_425' title='bbox 823 2937 1065 2977; x_wconf 73' lang='lat' dir='ltr'>praecedentibus</span> 
     </span>
     <span class='ocr_line' id='line_1_60' title="bbox 236 2977 1065 3021; baseline 0.001 -13"><span class='ocrx_word' id='word_1_426' title='bbox 236 2977 327 3010; x_wconf 81' lang='lat' dir='ltr'>facile</span> <span class='ocrx_word' id='word_1_427' title='bbox 341 2979 524 3021; x_wconf 86' lang='lat' dir='ltr'>intelligitur</span> <span class='ocrx_word' id='word_1_428' title='bbox 539 2981 685 3013; x_wconf 80' lang='lat' dir='ltr'>Newtoni</span> <span class='ocrx_word' id='word_1_429' title='bbox 697 2980 844 3017; x_wconf 75' lang='lat' dir='ltr'>calculus,</span> <span class='ocrx_word' id='word_1_430' title='bbox 860 2979 885 3010; x_wconf 81' lang='lat' dir='ltr'>ai</span> <span class='ocrx_word' id='word_1_431' title='bbox 900 2980 984 3019; x_wconf 87' lang='lat' dir='ltr'>prius</span> <span class='ocrx_word' id='word_1_432' title='bbox 998 2980 1065 3010; x_wconf 80' lang='lat' dir='ltr'>haec</span> 
     </span>
     <span class='ocr_line' id='line_1_61' title="bbox 239 3021 623 3061; baseline 0.01 -10"><span class='ocrx_word' id='word_1_433' title='bbox 239 3021 395 3061; x_wconf 77' lang='lat' dir='ltr'>Principia</span> <span class='ocrx_word' id='word_1_434' title='bbox 409 3030 598 3055; x_wconf 84' lang='lat' dir='ltr'>revocentur.</span> <span class='ocrx_word' id='word_1_435' title='bbox 618 3036 623 3039; x_wconf 92' lang='lat'>·</span> 
     </span>
    </p>

    <p class='ocr_par' dir='ltr' id='par_1_14' title="bbox 283 3063 1064 3101">
     <span class='ocr_line' id='line_1_62' title="bbox 283 3063 1064 3101; baseline 0.001 -7"><span class='ocrx_word' id='word_1_436' title='bbox 283 3063 328 3095; x_wconf 84' lang='lat'>10.</span> <span class='ocrx_word' id='word_1_437' title='bbox 378 3064 410 3095; x_wconf 90' lang='lat' dir='ltr'>Si</span> <span class='ocrx_word' id='word_1_438' title='bbox 435 3065 555 3097; x_wconf 86' lang='lat' dir='ltr'>dicatur</span> <span class='ocrx_word' id='word_1_439' title='bbox 579 3076 611 3096; x_wconf 92' lang='lat' dir='ltr'>m</span> <span class='ocrx_word' id='word_1_440' title='bbox 636 3065 781 3098; x_wconf 80' lang='lat' dir='ltr'>distantia</span> <span class='ocrx_word' id='word_1_441' title='bbox 794 3064 957 3096; x_wconf 86' lang='lat' dir='ltr'>mediocris</span> <span class='ocrx_word' id='word_1_442' title='bbox 974 3063 1064 3101; x_wconf 84' lang='lat' dir='ltr'>Solis,</span> 
     </span>
    </p>
   </div>
   <div class='ocr_carea' id='block_1_10' title="bbox 447 2421 563 2427">
    <p class='ocr_par' dir='ltr' id='par_1_15' title="bbox 447 2421 563 2427">
     <span class='ocr_line' id='line_1_63' title="bbox 447 2421 563 2427; baseline 0 0"><span class='ocrx_word' id='word_1_443' title='bbox 447 2421 563 2427; x_wconf 95' lang='lat' dir='ltr'> </span> 
     </span>
    </p>
   </div>
   <div class='ocr_carea' id='block_1_11' title="bbox 577 2403 1067 2444">
    <p class='ocr_par' dir='ltr' id='par_1_16' title="bbox 577 2403 1067 2444">
     <span class='ocr_line' id='line_1_64' title="bbox 577 2403 1067 2444; baseline -0.002 -9"><span class='ocrx_word' id='word_1_444' title='bbox 577 2411 721 2436; x_wconf 83' lang='lat' dir='ltr'>manente</span> <span class='ocrx_word' id='word_1_445' title='bbox 742 2414 816 2444; x_wconf 85' lang='lat' dir='ltr'>ergo</span> <span class='ocrx_word' id='word_1_446' title='bbox 833 2403 862 2434; x_wconf 92' lang='lat' dir='ltr'>T</span> <span class='ocrx_word' id='word_1_447' title='bbox 878 2405 917 2435; x_wconf 91' lang='lat' dir='ltr'>M</span> <span class='ocrx_word' id='word_1_448' title='bbox 931 2414 1002 2444; x_wconf 82' lang='lat' dir='ltr'>quae</span> <span class='ocrx_word' id='word_1_449' title='bbox 1021 2410 1067 2434; x_wconf 84' lang='lat' dir='ltr'>est</span> 
     </span>
    </p>
   </div>
   <div class='ocr_carea' id='block_1_12' title="bbox 1113 708 1940 976">
    <p class='ocr_par' dir='ltr' id='par_1_17' title="bbox 1113 708 1940 976">
     <span class='ocr_line' id='line_1_65' title="bbox 1113 708 1939 753; baseline 0.002 -13"><span class='ocrx_word' id='word_1_450' title='bbox 1113 708 1153 739; x_wconf 84' lang='lat' dir='ltr'>sit</span> <span class='ocrx_word' id='word_1_451' title='bbox 1179 709 1213 749; x_wconf 56' lang='grc' dir='ltr'><em>ὲ</em></span> <span class='ocrx_word' id='word_1_452' title='bbox 1227 720 1245 741; x_wconf 89' lang='lat' dir='ltr'>e</span> <span class='ocrx_word' id='word_1_453' title='bbox 1270 720 1409 741; x_wconf 85' lang='lat' dir='ltr'>excessus</span> <span class='ocrx_word' id='word_1_454' title='bbox 1433 711 1481 742; x_wconf 90' lang='lat' dir='ltr'>vel</span> <span class='ocrx_word' id='word_1_455' title='bbox 1503 711 1640 742; x_wconf 82' lang='lat' dir='ltr'>defectus</span> <span class='ocrx_word' id='word_1_456' title='bbox 1663 712 1728 753; x_wconf 82' lang='lat' dir='ltr'>ejus</span> <span class='ocrx_word' id='word_1_457' title='bbox 1749 712 1899 744; x_wconf 73' lang='lat' dir='ltr'>distantiae</span> <span class='ocrx_word' id='word_1_458' title='bbox 1920 721 1939 742; x_wconf 80' lang='lat' dir='ltr'>a</span> 
     </span>
     <span class='ocr_line' id='line_1_66' title="bbox 1113 751 1938 794; baseline 0.005 -14"><span class='ocrx_word' id='word_1_459' title='bbox 1113 751 1258 783; x_wconf 86' lang='lat' dir='ltr'>mediocri</span> <span class='ocrx_word' id='word_1_460' title='bbox 1273 752 1416 784; x_wconf 75' lang='lat' dir='ltr'>distantia</span> <span class='ocrx_word' id='word_1_461' title='bbox 1437 754 1468 783; x_wconf 93' lang='lat' dir='ltr'>in</span> <span class='ocrx_word' id='word_1_462' title='bbox 1491 754 1558 784; x_wconf 89' lang='lat' dir='ltr'>loco</span> <span class='ocrx_word' id='word_1_463' title='bbox 1574 754 1682 794; x_wconf 88' lang='lat' dir='ltr'>quovis</span> <span class='ocrx_word' id='word_1_464' title='bbox 1695 753 1783 792; x_wconf 62' lang='lat' dir='ltr'>datm</span> <span class='ocrx_word' id='word_1_465' title='bbox 1805 753 1938 794; x_wconf 69' lang='lat' dir='ltr'>durique</span> 
     </span>
     <span class='ocr_line' id='line_1_67' title="bbox 1114 794 1940 832; baseline 0.001 -7"><span class='ocrx_word' id='word_1_466' title='bbox 1114 794 1233 825; x_wconf 77' lang='lat' dir='ltr'>dicatur</span> <span class='ocrx_word' id='word_1_467' title='bbox 1257 806 1272 825; x_wconf 88' lang='lat' dir='ltr'>s</span> <span class='ocrx_word' id='word_1_468' title='bbox 1298 795 1377 826; x_wconf 89' lang='lat' dir='ltr'>Solis</span> <span class='ocrx_word' id='word_1_469' title='bbox 1390 803 1493 826; x_wconf 88' lang='lat' dir='ltr'>motus</span> <span class='ocrx_word' id='word_1_470' title='bbox 1514 797 1654 826; x_wconf 82' lang='lat' dir='ltr'>horarius</span> <span class='ocrx_word' id='word_1_471' title='bbox 1676 795 1844 832; x_wconf 76' lang='lat' dir='ltr'>mediocris,</span> <span class='ocrx_word' id='word_1_472' title='bbox 1869 795 1940 826; x_wconf 77' lang='lat' dir='ltr'>dico</span> 
     </span>
     <span class='ocr_line' id='line_1_68' title="bbox 1113 835 1938 878; baseline 0 -10"><span class='ocrx_word' id='word_1_473' title='bbox 1113 835 1197 878; x_wconf 89' lang='lat' dir='ltr'>quod</span> <span class='ocrx_word' id='word_1_474' title='bbox 1222 837 1301 868; x_wconf 91' lang='lat' dir='ltr'>Solis</span> <span class='ocrx_word' id='word_1_475' title='bbox 1325 843 1427 868; x_wconf 87' lang='lat' dir='ltr'>motus</span> <span class='ocrx_word' id='word_1_476' title='bbox 1440 838 1579 869; x_wconf 81' lang='lat' dir='ltr'>horarius</span> <span class='ocrx_word' id='word_1_477' title='bbox 1602 838 1635 868; x_wconf 92' lang='lat' dir='ltr'>in</span> <span class='ocrx_word' id='word_1_478' title='bbox 1661 838 1729 868; x_wconf 90' lang='lat' dir='ltr'>loco</span> <span class='ocrx_word' id='word_1_479' title='bbox 1741 838 1850 878; x_wconf 87' lang='lat' dir='ltr'>quovis</span> <span class='ocrx_word' id='word_1_480' title='bbox 1873 848 1938 869; x_wconf 72' lang='lat' dir='ltr'>sua</span> 
     </span>
     <span class='ocr_line' id='line_1_69' title="bbox 1114 881 1872 976; baseline -0.001 -40"><span class='ocrx_word' id='word_1_481' title='bbox 1114 906 1220 936; x_wconf 80' lang='lat' dir='ltr'>orbitae</span> <span class='ocrx_word' id='word_1_482' title='bbox 1234 906 1421 946; x_wconf 77' lang='lat' dir='ltr'>exprimetur</span> <span class='ocrx_word' id='word_1_483' title='bbox 1435 917 1490 947; x_wconf 90' lang='lat' dir='ltr'>per</span> <span class='ocrx_word' id='word_1_484' title='bbox 1502 908 1703 948; x_wconf 80' lang='lat' dir='ltr'>quantitatem</span> <span class='ocrx_word' id='word_1_485' title='bbox 1716 881 1872 976; x_wconf 44' lang='grc' dir='ltr'>ᾗὲζ-ΞΓΣ.</span> 
     </span>
    </p>
   </div>
   <div class='ocr_carea' id='block_1_13' title="bbox 1716 920 1852 929">
    <p class='ocr_par' dir='ltr' id='par_1_18' title="bbox 1716 920 1852 929">
     <span class='ocr_line' id='line_1_70' title="bbox 1716 920 1852 929; baseline 0 2593"><span class='ocrx_word' id='word_1_486' title='bbox 1716 920 1852 929; x_wconf 95' lang='lat' dir='ltr'> </span> 
     </span>
    </p>
   </div>
   <div class='ocr_carea' id='block_1_14' title="bbox 1112 979 1977 1107">
    <p class='ocr_par' dir='ltr' id='par_1_19' title="bbox 1112 979 1977 1107">
     <span class='ocr_line' id='line_1_71' title="bbox 1160 979 1939 1020; baseline 0.001 -11"><span class='ocrx_word' id='word_1_487' title='bbox 1160 980 1205 1010; x_wconf 87' lang='lat' dir='ltr'>Sit</span> <span class='ocrx_word' id='word_1_488' title='bbox 1219 980 1301 1010; x_wconf 87' lang='lat' dir='ltr'>enim</span> <span class='ocrx_word' id='word_1_489' title='bbox 1318 979 1347 1010; x_wconf 93' lang='lat' dir='ltr'>T</span> <span class='ocrx_word' id='word_1_490' title='bbox 1363 981 1479 1019; x_wconf 83' lang='lat' dir='ltr'>Terra;</span> <span class='ocrx_word' id='word_1_491' title='bbox 1506 981 1534 1011; x_wconf 91' lang='lat' dir='ltr'>P</span> <span class='ocrx_word' id='word_1_492' title='bbox 1552 980 1624 1018; x_wconf 87' lang='lat' dir='ltr'>Sol;</span> <span class='ocrx_word' id='word_1_493' title='bbox 1650 981 1679 1011; x_wconf 95' lang='lat' dir='ltr'>T</span> <span class='ocrx_word' id='word_1_494' title='bbox 1697 980 1725 1011; x_wconf 91' lang='lat' dir='ltr'>P</span> <span class='ocrx_word' id='word_1_495' title='bbox 1737 990 1760 1020; x_wconf 88' lang='lat' dir='ltr'>p</span> <span class='ocrx_word' id='word_1_496' title='bbox 1773 989 1843 1010; x_wconf 83' lang='lat' dir='ltr'>area</span> <span class='ocrx_word' id='word_1_497' title='bbox 1855 979 1939 1010; x_wconf 68' lang='lat' dir='ltr'>horo</span> 
     </span>
     <span class='ocr_line' id='line_1_72' title="bbox 1114 1021 1942 1063; baseline 0 -11"><span class='ocrx_word' id='word_1_498' title='bbox 1114 1027 1251 1061; x_wconf 80' lang='lat' dir='ltr'>tempore</span> <span class='ocrx_word' id='word_1_499' title='bbox 1276 1021 1434 1062; x_wconf 84' lang='lat' dir='ltr'>descripta,</span> <span class='ocrx_word' id='word_1_500' title='bbox 1461 1024 1527 1063; x_wconf 83' lang='lat' dir='ltr'>ejus</span> <span class='ocrx_word' id='word_1_501' title='bbox 1552 1034 1630 1053; x_wconf 81' lang='lat' dir='ltr'>areae</span> <span class='ocrx_word' id='word_1_502' title='bbox 1652 1022 1738 1053; x_wconf 79' lang='lat' dir='ltr'>valor</span> <span class='ocrx_word' id='word_1_503' title='bbox 1759 1021 1859 1052; x_wconf 77' lang='lat' dir='ltr'>ubivis</span> <span class='ocrx_word' id='word_1_504' title='bbox 1882 1021 1942 1052; x_wconf 77' lang='lat' dir='ltr'>erit</span> 
     </span>
     <span class='ocr_line' id='line_1_73' title="bbox 1112 1063 1977 1107; baseline -0.001 -12"><span class='ocrx_word' id='word_1_505' title='bbox 1112 1074 1231 1104; x_wconf 81' lang='lat' dir='ltr'>semper</span> <span class='ocrx_word' id='word_1_506' title='bbox 1245 1064 1337 1102; x_wconf 88' lang='lat' dir='ltr'>idem,</span> <span class='ocrx_word' id='word_1_507' title='bbox 1353 1065 1392 1095; x_wconf 84' lang='lat' dir='ltr'>sit</span> <span class='ocrx_word' id='word_1_508' title='bbox 1406 1076 1427 1105; x_wconf 88' lang='lat' dir='ltr'>p</span> <span class='ocrx_word' id='word_1_509' title='bbox 1441 1077 1461 1107; x_wconf 88' lang='lat' dir='ltr'><strong>q</strong></span> <span class='ocrx_word' id='word_1_510' title='bbox 1474 1076 1562 1096; x_wconf 83' lang='lat' dir='ltr'>arcus</span> <span class='ocrx_word' id='word_1_511' title='bbox 1576 1065 1663 1096; x_wconf 83' lang='lat' dir='ltr'>radio</span> <span class='ocrx_word' id='word_1_512' title='bbox 1679 1065 1708 1096; x_wconf 95' lang='lat' dir='ltr'>T</span> <span class='ocrx_word' id='word_1_513' title='bbox 1722 1075 1743 1104; x_wconf 87' lang='lat' dir='ltr'>p</span> <span class='ocrx_word' id='word_1_514' title='bbox 1757 1063 1936 1104; x_wconf 78' lang='lat' dir='ltr'>descriptus,</span> <span class='ocrx_word' id='word_1_515' title='bbox 1971 1087 1977 1094; x_wconf 91' lang='lat'><em>.</em></span> 
     </span>
    </p>
   </div>
   <div class='ocr_carea' id='block_1_15' title="bbox 1283 1304 1304 1330">
    <p class='ocr_par' dir='ltr' id='par_1_20' title="bbox 1283 1304 1304 1330">
     <span class='ocr_line' id='line_1_74' title="bbox 1283 1304 1304 1330; baseline 0 0"><span class='ocrx_word' id='word_1_516' title='bbox 1283 1304 1304 1330; x_wconf 78' lang='lat' dir='ltr'><em>l</em></span> 
     </span>
    </p>
   </div>
   <div class='ocr_carea' id='block_1_16' title="bbox 1110 1383 1940 1846">
    <p class='ocr_par' dir='ltr' id='par_1_21' title="bbox 1110 1383 1940 1846">
     <span class='ocr_line' id='line_1_75' title="bbox 1112 1383 1939 1426; baseline -0.001 -11"><span class='ocrx_word' id='word_1_517' title='bbox 1112 1385 1166 1425; x_wconf 88' lang='lat' dir='ltr'>qui</span> <span class='ocrx_word' id='word_1_518' title='bbox 1188 1386 1228 1416; x_wconf 91' lang='lat' dir='ltr'>ob</span> <span class='ocrx_word' id='word_1_519' title='bbox 1253 1384 1452 1426; x_wconf 76' lang='lat' dir='ltr'>exiguitatem</span> <span class='ocrx_word' id='word_1_520' title='bbox 1469 1384 1549 1415; x_wconf 81' lang='lat' dir='ltr'>sumi</span> <span class='ocrx_word' id='word_1_521' title='bbox 1563 1389 1663 1423; x_wconf 84' lang='lat' dir='ltr'>potest</span> <span class='ocrx_word' id='word_1_522' title='bbox 1688 1389 1723 1414; x_wconf 89' lang='lat' dir='ltr'>ut</span> <span class='ocrx_word' id='word_1_523' title='bbox 1747 1383 1848 1423; x_wconf 81' lang='lat' dir='ltr'>ipsum</span> <span class='ocrx_word' id='word_1_524' title='bbox 1870 1394 1939 1423; x_wconf 87' lang='lat' dir='ltr'>per-</span> 
     </span>
     <span class='ocr_line' id='line_1_76' title="bbox 1111 1424 1940 1467; baseline -0.002 -9"><span class='ocrx_word' id='word_1_525' title='bbox 1111 1427 1312 1467; x_wconf 89' lang='lat' dir='ltr'>pendiculum</span> <span class='ocrx_word' id='word_1_526' title='bbox 1334 1427 1368 1457; x_wconf 84' lang='lat' dir='ltr'>in</span> <span class='ocrx_word' id='word_1_527' title='bbox 1390 1427 1487 1458; x_wconf 85' lang='lat' dir='ltr'>basim</span> <span class='ocrx_word' id='word_1_528' title='bbox 1513 1427 1542 1457; x_wconf 94' lang='lat' dir='ltr'>P</span> <span class='ocrx_word' id='word_1_529' title='bbox 1557 1427 1587 1457; x_wconf 93' lang='lat' dir='ltr'>T</span> <span class='ocrx_word' id='word_1_530' title='bbox 1608 1426 1784 1462; x_wconf 74' lang='lat' dir='ltr'>demissum,</span> <span class='ocrx_word' id='word_1_531' title='bbox 1807 1424 1940 1467; x_wconf 70' lang='lat' dir='ltr'>ideoque</span> 
     </span>
     <span class='ocr_line' id='line_1_77' title="bbox 1112 1467 1939 1510; baseline -0.001 -10"><span class='ocrx_word' id='word_1_532' title='bbox 1112 1471 1152 1501; x_wconf 93' lang='lat' dir='ltr'>ob</span> <span class='ocrx_word' id='word_1_533' title='bbox 1166 1480 1249 1500; x_wconf 82' lang='lat' dir='ltr'>areas</span> <span class='ocrx_word' id='word_1_534' title='bbox 1257 1469 1357 1500; x_wconf 85' lang='lat' dir='ltr'>ubivis</span> <span class='ocrx_word' id='word_1_535' title='bbox 1367 1469 1498 1510; x_wconf 84' lang='lat' dir='ltr'>aequales</span> <span class='ocrx_word' id='word_1_536' title='bbox 1511 1469 1538 1499; x_wconf 87' lang='lat' dir='ltr'>is</span> <span class='ocrx_word' id='word_1_537' title='bbox 1552 1478 1640 1499; x_wconf 86' lang='lat' dir='ltr'>arcus</span> <span class='ocrx_word' id='word_1_538' title='bbox 1649 1468 1706 1498; x_wconf 88' lang='lat' dir='ltr'>erit</span> <span class='ocrx_word' id='word_1_539' title='bbox 1714 1467 1812 1498; x_wconf 85' lang='lat' dir='ltr'>ubivis</span> <span class='ocrx_word' id='word_1_540' title='bbox 1820 1467 1939 1499; x_wconf 68' lang='lat' dir='ltr'>inverse</span> 
     </span>
     <span class='ocr_line' id='line_1_78' title="bbox 1111 1510 1940 1551; baseline 0 -9"><span class='ocrx_word' id='word_1_541' title='bbox 1111 1518 1148 1542; x_wconf 91' lang='lat' dir='ltr'>ut</span> <span class='ocrx_word' id='word_1_542' title='bbox 1161 1512 1241 1543; x_wconf 86' lang='lat' dir='ltr'>basis</span> <span class='ocrx_word' id='word_1_543' title='bbox 1257 1512 1286 1542; x_wconf 90' lang='lat' dir='ltr'>T</span> <span class='ocrx_word' id='word_1_544' title='bbox 1303 1511 1341 1548; x_wconf 88' lang='lat' dir='ltr'>P,</span> <span class='ocrx_word' id='word_1_545' title='bbox 1364 1511 1418 1542; x_wconf 83' lang='lat' dir='ltr'>sed</span> <span class='ocrx_word' id='word_1_546' title='bbox 1432 1521 1580 1542; x_wconf 85' lang='lat' dir='ltr'>numerus</span> <span class='ocrx_word' id='word_1_547' title='bbox 1593 1511 1748 1551; x_wconf 85' lang='lat' dir='ltr'>graduum</span> <span class='ocrx_word' id='word_1_548' title='bbox 1770 1510 1837 1550; x_wconf 87' lang='lat' dir='ltr'>ejus</span> <span class='ocrx_word' id='word_1_549' title='bbox 1850 1521 1940 1542; x_wconf 71' lang='lat' dir='ltr'>arcus</span> 
     </span>
     <span class='ocr_line' id='line_1_79' title="bbox 1110 1551 1940 1595; baseline 0 -11"><span class='ocrx_word' id='word_1_550' title='bbox 1110 1565 1132 1593; x_wconf 89' lang='lat' dir='ltr'>p</span> <span class='ocrx_word' id='word_1_551' title='bbox 1146 1565 1166 1595; x_wconf 90' lang='lat' dir='ltr'>q</span> <span class='ocrx_word' id='word_1_552' title='bbox 1187 1561 1234 1585; x_wconf 88' lang='lat' dir='ltr'>est</span> <span class='ocrx_word' id='word_1_553' title='bbox 1247 1553 1360 1584; x_wconf 77' lang='lat' dir='ltr'>directe</span> <span class='ocrx_word' id='word_1_554' title='bbox 1374 1560 1410 1585; x_wconf 88' lang='lat' dir='ltr'>ut</span> <span class='ocrx_word' id='word_1_555' title='bbox 1423 1553 1450 1583; x_wconf 83' lang='lat' dir='ltr'>is</span> <span class='ocrx_word' id='word_1_556' title='bbox 1463 1555 1528 1594; x_wconf 90' lang='lat' dir='ltr'>ipse</span> <span class='ocrx_word' id='word_1_557' title='bbox 1547 1563 1634 1583; x_wconf 87' lang='lat' dir='ltr'>arcus</span> <span class='ocrx_word' id='word_1_558' title='bbox 1648 1559 1680 1582; x_wconf 89' lang='lat' dir='ltr'>et</span> <span class='ocrx_word' id='word_1_559' title='bbox 1693 1551 1810 1583; x_wconf 69' lang='lat' dir='ltr'>inverse</span> <span class='ocrx_word' id='word_1_560' title='bbox 1823 1558 1859 1583; x_wconf 87' lang='lat' dir='ltr'>ut</span> <span class='ocrx_word' id='word_1_561' title='bbox 1872 1553 1940 1594; x_wconf 71' lang='lat' dir='ltr'>ejus</span> 
     </span>
     <span class='ocr_line' id='line_1_80' title="bbox 1111 1594 1939 1636; baseline -0.002 -10"><span class='ocrx_word' id='word_1_562' title='bbox 1111 1596 1216 1627; x_wconf 77' lang='lat' dir='ltr'>radius</span> <span class='ocrx_word' id='word_1_563' title='bbox 1243 1597 1273 1627; x_wconf 95' lang='lat' dir='ltr'>T</span> <span class='ocrx_word' id='word_1_564' title='bbox 1286 1607 1307 1635; x_wconf 91' lang='lat' dir='ltr'>p</span> <span class='ocrx_word' id='word_1_565' title='bbox 1329 1596 1392 1627; x_wconf 82' lang='lat' dir='ltr'>sive</span> <span class='ocrx_word' id='word_1_566' title='bbox 1416 1597 1445 1627; x_wconf 92' lang='lat' dir='ltr'>T</span> <span class='ocrx_word' id='word_1_567' title='bbox 1463 1596 1499 1633; x_wconf 90' lang='lat' dir='ltr'>P,</span> <span class='ocrx_word' id='word_1_568' title='bbox 1527 1605 1601 1636; x_wconf 83' lang='lat' dir='ltr'>ergo</span> <span class='ocrx_word' id='word_1_569' title='bbox 1614 1604 1763 1625; x_wconf 80' lang='lat' dir='ltr'>numerus</span> <span class='ocrx_word' id='word_1_570' title='bbox 1783 1594 1939 1635; x_wconf 82' lang='lat' dir='ltr'>graduum</span> 
     </span>
     <span class='ocr_line' id='line_1_81' title="bbox 1112 1635 1939 1680; baseline -0.002 -10"><span class='ocrx_word' id='word_1_571' title='bbox 1112 1640 1179 1680; x_wconf 84' lang='lat' dir='ltr'>ejus</span> <span class='ocrx_word' id='word_1_572' title='bbox 1193 1638 1281 1670; x_wconf 70' lang='lat' dir='ltr'>arcus</span> <span class='ocrx_word' id='word_1_573' title='bbox 1305 1649 1326 1678; x_wconf 91' lang='lat' dir='ltr'>p</span> <span class='ocrx_word' id='word_1_574' title='bbox 1339 1649 1360 1678; x_wconf 92' lang='lat' dir='ltr'><strong>q</strong></span> <span class='ocrx_word' id='word_1_575' title='bbox 1382 1643 1428 1669; x_wconf 72' lang='lat' dir='ltr'>est</span> <span class='ocrx_word' id='word_1_576' title='bbox 1450 1638 1483 1668; x_wconf 88' lang='lat' dir='ltr'>in</span> <span class='ocrx_word' id='word_1_577' title='bbox 1509 1638 1626 1668; x_wconf 89' lang='lat' dir='ltr'>ratione</span> <span class='ocrx_word' id='word_1_578' title='bbox 1639 1635 1794 1676; x_wconf 64' lang='lat' dir='ltr'>duplic-ts</span> <span class='ocrx_word' id='word_1_579' title='bbox 1818 1635 1939 1668; x_wconf 51' lang='lat' dir='ltr'>inventa</span> 
     </span>
     <span class='ocr_line' id='line_1_82' title="bbox 1111 1678 1939 1718; baseline -0.002 -6"><span class='ocrx_word' id='word_1_580' title='bbox 1111 1681 1189 1712; x_wconf 83' lang='lat' dir='ltr'>radii</span> <span class='ocrx_word' id='word_1_581' title='bbox 1215 1682 1245 1712; x_wconf 92' lang='lat' dir='ltr'>T</span> <span class='ocrx_word' id='word_1_582' title='bbox 1270 1681 1309 1718; x_wconf 90' lang='lat' dir='ltr'>P,</span> <span class='ocrx_word' id='word_1_583' title='bbox 1335 1681 1361 1711; x_wconf 84' lang='lat' dir='ltr'>is</span> <span class='ocrx_word' id='word_1_584' title='bbox 1384 1680 1457 1712; x_wconf 76' lang='lat' dir='ltr'>vero</span> <span class='ocrx_word' id='word_1_585' title='bbox 1482 1690 1630 1710; x_wconf 86' lang='lat' dir='ltr'>numerus</span> <span class='ocrx_word' id='word_1_586' title='bbox 1652 1678 1795 1718; x_wconf 84' lang='lat' dir='ltr'>exprimit</span> <span class='ocrx_word' id='word_1_587' title='bbox 1818 1685 1939 1710; x_wconf 85' lang='lat' dir='ltr'>motum</span> 
     </span>
     <span class='ocr_line' id='line_1_83' title="bbox 1116 1719 1939 1763; baseline -0.002 -9"><span class='ocrx_word' id='word_1_588' title='bbox 1116 1723 1195 1754; x_wconf 85' lang='lat' dir='ltr'>solis</span> <span class='ocrx_word' id='word_1_589' title='bbox 1219 1723 1383 1759; x_wconf 84' lang='lat' dir='ltr'>horarium,</span> <span class='ocrx_word' id='word_1_590' title='bbox 1411 1732 1484 1763; x_wconf 82' lang='lat' dir='ltr'>ergo</span> <span class='ocrx_word' id='word_1_591' title='bbox 1511 1722 1590 1753; x_wconf 88' lang='lat' dir='ltr'>Solis</span> <span class='ocrx_word' id='word_1_592' title='bbox 1603 1727 1706 1751; x_wconf 89' lang='lat' dir='ltr'>motus</span> <span class='ocrx_word' id='word_1_593' title='bbox 1720 1719 1868 1758; x_wconf 81' lang='lat' dir='ltr'>horarius,</span> <span class='ocrx_word' id='word_1_594' title='bbox 1893 1727 1939 1752; x_wconf 86' lang='lat' dir='ltr'>est</span> 
     </span>
     <span class='ocr_line' id='line_1_84' title="bbox 1111 1762 1938 1805; baseline -0.005 -9"><span class='ocrx_word' id='word_1_595' title='bbox 1111 1765 1229 1797; x_wconf 73' lang='lat' dir='ltr'>inverse</span> <span class='ocrx_word' id='word_1_596' title='bbox 1254 1771 1291 1796; x_wconf 88' lang='lat' dir='ltr'>ut</span> <span class='ocrx_word' id='word_1_597' title='bbox 1313 1765 1496 1805; x_wconf 81' lang='lat' dir='ltr'>quadratum</span> <span class='ocrx_word' id='word_1_598' title='bbox 1512 1763 1589 1795; x_wconf 84' lang='lat' dir='ltr'>radii</span> <span class='ocrx_word' id='word_1_599' title='bbox 1604 1764 1634 1794; x_wconf 91' lang='lat' dir='ltr'>T</span> <span class='ocrx_word' id='word_1_600' title='bbox 1651 1763 1698 1801; x_wconf 83' lang='lat' dir='ltr'>P;</span> <span class='ocrx_word' id='word_1_601' title='bbox 1721 1762 1792 1793; x_wconf 73' lang='lat' dir='ltr'>cum</span> <span class='ocrx_word' id='word_1_602' title='bbox 1818 1773 1892 1804; x_wconf 85' lang='lat' dir='ltr'>ergo</span> <span class='ocrx_word' id='word_1_603' title='bbox 1904 1765 1938 1793; x_wconf 87' lang='lat' dir='ltr'>in</span> 
     </span>
     <span class='ocr_line' id='line_1_85' title="bbox 1111 1803 1939 1846; baseline -0.002 -7"><span class='ocrx_word' id='word_1_604' title='bbox 1111 1806 1256 1840; x_wconf 67' lang='lat' dir='ltr'>distantia</span> <span class='ocrx_word' id='word_1_605' title='bbox 1268 1807 1415 1838; x_wconf 86' lang='lat' dir='ltr'>mediocri</span> <span class='ocrx_word' id='word_1_606' title='bbox 1429 1813 1475 1838; x_wconf 86' lang='lat' dir='ltr'>est</span> <span class='ocrx_word' id='word_1_607' title='bbox 1491 1807 1520 1838; x_wconf 93' lang='lat' dir='ltr'>T</span> <span class='ocrx_word' id='word_1_608' title='bbox 1536 1807 1564 1837; x_wconf 92' lang='lat' dir='ltr'>P</span> <span class='ocrx_word' id='word_1_609' title='bbox 1577 1819 1623 1836; x_wconf 93' lang='lat'><strong><em>=</em></strong></span> <span class='ocrx_word' id='word_1_610' title='bbox 1637 1815 1681 1844; x_wconf 90' lang='lat' dir='ltr'>m,</span> <span class='ocrx_word' id='word_1_611' title='bbox 1703 1805 1736 1835; x_wconf 89' lang='lat' dir='ltr'>in</span> <span class='ocrx_word' id='word_1_612' title='bbox 1755 1803 1864 1846; x_wconf 69' lang='lat' dir='ltr'>quavis</span> <span class='ocrx_word' id='word_1_613' title='bbox 1877 1804 1939 1837; x_wconf 63' lang='lat' dir='ltr'>alia</span> 
     </span>
    </p>
   </div>
   <div class='ocr_carea' id='block_1_17' title="bbox 1111 1873 1939 1930">
    <p class='ocr_par' dir='ltr' id='par_1_22' title="bbox 1111 1873 1939 1930">
     <span class='ocr_line' id='line_1_86' title="bbox 1111 1873 1939 1930; baseline -0.006 -21"><span class='ocrx_word' id='word_1_614' title='bbox 1111 1876 1314 1909; x_wconf 60' lang='lat' dir='ltr'>distantiam</span> <span class='ocrx_word' id='word_1_615' title='bbox 1339 1876 1615 1914; x_wconf 75' lang='lat' dir='ltr'>TP=msse‚</span> <span class='ocrx_word' id='word_1_616' title='bbox 1641 1880 1775 1915; x_wconf 81' lang='lat' dir='ltr'>ergoest</span> <span class='ocrx_word' id='word_1_617' title='bbox 1798 1892 1862 1930; x_wconf 63' lang='lat' dir='ltr'>n-1-2-</span> <span class='ocrx_word' id='word_1_618' title='bbox 1898 1873 1939 1905; x_wconf 79' lang='lat' dir='ltr'>ad</span> 
     </span>
    </p>
   </div>
   <div class='ocr_carea' id='block_1_18' title="bbox 1302 1943 1937 2039">
    <p class='ocr_par' dir='ltr' id='par_1_23' title="bbox 1302 1943 1937 2039">
     <span class='ocr_line' id='line_1_87' title="bbox 1302 1943 1937 2039; baseline -0.003 -38"><span class='ocrx_word' id='word_1_619' title='bbox 1302 1977 1338 2002; x_wconf 89' lang='lat' dir='ltr'>ut</span> <span class='ocrx_word' id='word_1_620' title='bbox 1352 1980 1367 2000; x_wconf 76' lang='lat' dir='ltr'>s</span> <span class='ocrx_word' id='word_1_621' title='bbox 1380 1970 1420 2001; x_wconf 86' lang='lat' dir='ltr'>ad</span> <span class='ocrx_word' id='word_1_622' title='bbox 1440 1943 1614 2039; x_wconf 48' lang='grc' dir='ltr'>-ωιὲ-ἶ-ι-Ξ-α</span> <span class='ocrx_word' id='word_1_623' title='bbox 1626 1969 1710 2011; x_wconf 90' lang='lat' dir='ltr'>quod</span> <span class='ocrx_word' id='word_1_624' title='bbox 1719 1968 1863 2008; x_wconf 83' lang='lat' dir='ltr'>exprimit</span> <span class='ocrx_word' id='word_1_625' title='bbox 1869 1979 1937 2000; x_wconf 88' lang='lat' dir='ltr'>mo-</span> 
     </span>
    </p>
   </div>
   <div class='ocr_carea' id='block_1_19' title="bbox 1107 1988 1279 1997">
    <p class='ocr_par' dir='ltr' id='par_1_24' title="bbox 1107 1988 1279 1997">
     <span class='ocr_line' id='line_1_88' title="bbox 1107 1988 1279 1997; baseline 0 1525"><span class='ocrx_word' id='word_1_626' title='bbox 1107 1988 1279 1997; x_wconf 95' lang='lat' dir='ltr'> </span> 
     </span>
    </p>
   </div>
   <div class='ocr_carea' id='block_1_20' title="bbox 1109 1998 1955 2125">
    <p class='ocr_par' dir='ltr' id='par_1_25' title="bbox 1109 1998 1955 2125">
     <span class='ocr_line' id='line_1_89' title="bbox 1109 1998 1871 2080; baseline -0.005 -8"><span class='ocrx_word' id='word_1_627' title='bbox 1109 1998 1347 2072; x_wconf 44' lang='lat' dir='ltr'>{ffm-iimffium</span> <span class='ocrx_word' id='word_1_628' title='bbox 1365 2038 1444 2070; x_wconf 86' lang='lat' dir='ltr'>Solis</span> <span class='ocrx_word' id='word_1_629' title='bbox 1457 2039 1491 2069; x_wconf 85' lang='lat' dir='ltr'>in</span> <span class='ocrx_word' id='word_1_630' title='bbox 1505 2037 1613 2080; x_wconf 69' lang='lat' dir='ltr'>quavis</span> <span class='ocrx_word' id='word_1_631' title='bbox 1627 2036 1771 2070; x_wconf 67' lang='lat' dir='ltr'>distantia</span> <span class='ocrx_word' id='word_1_632' title='bbox 1787 2037 1816 2068; x_wconf 93' lang='lat' dir='ltr'>T</span> <span class='ocrx_word' id='word_1_633' title='bbox 1833 2037 1871 2068; x_wconf 90' lang='lat' dir='ltr'>P.</span> 
     </span>
     <span class='ocr_line' id='line_1_90' title="bbox 1154 2079 1955 2125; baseline -0.002 -11"><span class='ocrx_word' id='word_1_634' title='bbox 1154 2083 1196 2114; x_wconf 91' lang='lat' dir='ltr'>In</span> <span class='ocrx_word' id='word_1_635' title='bbox 1210 2079 1354 2114; x_wconf 67' lang='lat' dir='ltr'>distantia</span> <span class='ocrx_word' id='word_1_636' title='bbox 1366 2081 1515 2112; x_wconf 87' lang='lat' dir='ltr'>mediocri</span> <span class='ocrx_word' id='word_1_637' title='bbox 1528 2082 1680 2113; x_wconf 76' lang='lat' dir='ltr'>evanescit</span> <span class='ocrx_word' id='word_1_638' title='bbox 1694 2080 1847 2122; x_wconf 79' lang='lat' dir='ltr'>quantitas</span> <span class='ocrx_word' id='word_1_639' title='bbox 1869 2081 1910 2121; x_wconf 72' lang='lat' dir='ltr'>ss</span> <span class='ocrx_word' id='word_1_640' title='bbox 1920 2091 1955 2125; x_wconf 40' lang='lat' dir='ltr'>e·</span> 
     </span>
    </p>
   </div>
   <div class='ocr_carea' id='block_1_21' title="bbox 1109 2122 1800 2193">
    <p class='ocr_par' dir='ltr' id='par_1_26' title="bbox 1109 2122 1800 2193">
     <span class='ocr_line' id='line_1_91' title="bbox 1109 2122 1800 2193; baseline -0.006 -9"><span class='ocrx_word' id='word_1_641' title='bbox 1109 2150 1241 2193; x_wconf 85' lang='lat' dir='ltr'>ide6que</span> <span class='ocrx_word' id='word_1_642' title='bbox 1255 2156 1358 2182; x_wconf 76' lang='lat' dir='ltr'>motus</span> <span class='ocrx_word' id='word_1_643' title='bbox 1371 2150 1510 2181; x_wconf 69' lang='lat' dir='ltr'>homins</span> <span class='ocrx_word' id='word_1_644' title='bbox 1523 2150 1587 2181; x_wconf 74' lang='lat' dir='ltr'>mic</span> <span class='ocrx_word' id='word_1_645' title='bbox 1597 2149 1698 2181; x_wconf 70' lang='lat' dir='ltr'>evadit</span> <span class='ocrx_word' id='word_1_646' title='bbox 1710 2133 1743 2153; x_wconf 83' lang='lat'>¹¹¹</span> <span class='ocrx_word' id='word_1_647' title='bbox 1755 2122 1771 2142; x_wconf 70' lang='lat'>²</span> <span class='ocrx_word' id='word_1_648' title='bbox 1784 2132 1800 2152; x_wconf 77' lang='lat'>⁵</span> 
     </span>
    </p>
   </div>
   <div class='ocr_carea' id='block_1_22' title="bbox 1711 2165 1797 2174">
    <p class='ocr_par' dir='ltr' id='par_1_27' title="bbox 1711 2165 1797 2174">
     <span class='ocr_line' id='line_1_92' title="bbox 1711 2165 1797 2174; baseline 0 0"><span class='ocrx_word' id='word_1_649' title='bbox 1711 2165 1797 2174; x_wconf 95' lang='lat' dir='ltr'> </span> 
     </span>
    </p>
   </div>
   <div class='ocr_carea' id='block_1_23' title="bbox 1807 2159 1937 2180">
    <p class='ocr_par' dir='ltr' id='par_1_28' title="bbox 1807 2159 1937 2180">
     <span class='ocr_line' id='line_1_93' title="bbox 1807 2159 1937 2180; baseline 0 -1"><span class='ocrx_word' id='word_1_650' title='bbox 1807 2159 1937 2180; x_wconf 57' lang='grc'><strong>2889-</strong></span> 
     </span>
    </p>
   </div>
   <div class='ocr_carea' id='block_1_24' title="bbox 1107 2219 1938 2481">
    <p class='ocr_par' dir='ltr' id='par_1_29' title="bbox 1110 2219 1465 2260">
     <span class='ocr_line' id='line_1_94' title="bbox 1110 2219 1465 2260; baseline -0.008 -8"><span class='ocrx_word' id='word_1_651' title='bbox 1110 2221 1247 2252; x_wconf 70' lang='lat' dir='ltr'>cundum</span> <span class='ocrx_word' id='word_1_652' title='bbox 1262 2219 1465 2260; x_wconf 79' lang='lat' dir='ltr'>hypothesim.</span> 
     </span>
    </p>

    <p class='ocr_par' dir='ltr' id='par_1_30' title="bbox 1107 2260 1938 2430">
     <span class='ocr_line' id='line_1_95' title="bbox 1153 2260 1938 2300; baseline -0.006 -5"><span class='ocrx_word' id='word_1_653' title='bbox 1153 2264 1201 2295; x_wconf 76' lang='lat'>20.</span> <span class='ocrx_word' id='word_1_654' title='bbox 1244 2263 1351 2294; x_wconf 88' lang='lat' dir='ltr'>Posito</span> <span class='ocrx_word' id='word_1_655' title='bbox 1366 2263 1491 2293; x_wconf 82' lang='lat' dir='ltr'>Lunam</span> <span class='ocrx_word' id='word_1_656' title='bbox 1505 2271 1625 2300; x_wconf 85' lang='lat' dir='ltr'>semper</span> <span class='ocrx_word' id='word_1_657' title='bbox 1648 2260 1763 2291; x_wconf 83' lang='lat' dir='ltr'>moveri</span> <span class='ocrx_word' id='word_1_658' title='bbox 1777 2265 1864 2291; x_wconf 88' lang='lat' dir='ltr'>motu</span> <span class='ocrx_word' id='word_1_659' title='bbox 1880 2269 1938 2290; x_wconf 84' lang='lat' dir='ltr'>suo</span> 
     </span>
     <span class='ocr_line' id='line_1_96' title="bbox 1107 2303 1938 2344; baseline -0.006 -7"><span class='ocrx_word' id='word_1_660' title='bbox 1107 2306 1228 2337; x_wconf 82' lang='lat' dir='ltr'>horario</span> <span class='ocrx_word' id='word_1_661' title='bbox 1249 2304 1407 2341; x_wconf 84' lang='lat' dir='ltr'>mediocri,</span> <span class='ocrx_word' id='word_1_662' title='bbox 1434 2303 1488 2344; x_wconf 88' lang='lat' dir='ltr'>qui</span> <span class='ocrx_word' id='word_1_663' title='bbox 1512 2303 1632 2334; x_wconf 85' lang='lat' dir='ltr'>dicatur</span> <span class='ocrx_word' id='word_1_664' title='bbox 1656 2303 1678 2340; x_wconf 90' lang='lat' dir='ltr'>l,</span> <span class='ocrx_word' id='word_1_665' title='bbox 1702 2303 1799 2343; x_wconf 82' lang='lat' dir='ltr'>sitque</span> <span class='ocrx_word' id='word_1_666' title='bbox 1823 2312 1845 2342; x_wconf 93' lang='lat' dir='ltr'>p</span> <span class='ocrx_word' id='word_1_667' title='bbox 1869 2304 1938 2343; x_wconf 81' lang='lat' dir='ltr'>ejus</span> 
     </span>
     <span class='ocr_line' id='line_1_97' title="bbox 1107 2344 1937 2388; baseline -0.007 -8"><span class='ocrx_word' id='word_1_668' title='bbox 1107 2355 1230 2388; x_wconf 81' lang='lat' dir='ltr'>tempus</span> <span class='ocrx_word' id='word_1_669' title='bbox 1240 2347 1430 2387; x_wconf 82' lang='lat' dir='ltr'>pen‘odicum</span> <span class='ocrx_word' id='word_1_670' title='bbox 1440 2345 1520 2375; x_wconf 86' lang='lat' dir='ltr'>inter</span> <span class='ocrx_word' id='word_1_671' title='bbox 1530 2345 1615 2381; x_wconf 71' lang='lat' dir='ltr'>fixas,</span> <span class='ocrx_word' id='word_1_672' title='bbox 1628 2344 1750 2376; x_wconf 81' lang='lat' dir='ltr'>duratio</span> <span class='ocrx_word' id='word_1_673' title='bbox 1760 2344 1874 2375; x_wconf 87' lang='lat' dir='ltr'>mensis</span> <span class='ocrx_word' id='word_1_674' title='bbox 1886 2354 1937 2384; x_wconf 79' lang='lat' dir='ltr'>sy-</span> 
     </span>
     <span class='ocr_line' id='line_1_98' title="bbox 1108 2387 1934 2430; baseline -0.006 -8"><span class='ocrx_word' id='word_1_675' title='bbox 1108 2390 1211 2422; x_wconf 88' lang='lat' dir='ltr'>nodici</span> <span class='ocrx_word' id='word_1_676' title='bbox 1218 2389 1326 2430; x_wconf 84' lang='lat' dir='ltr'>quovis</span> <span class='ocrx_word' id='word_1_677' title='bbox 1339 2389 1373 2418; x_wconf 86' lang='lat' dir='ltr'>in</span> <span class='ocrx_word' id='word_1_678' title='bbox 1386 2388 1455 2419; x_wconf 91' lang='lat' dir='ltr'>loco</span> <span class='ocrx_word' id='word_1_679' title='bbox 1465 2387 1571 2418; x_wconf 77' lang='lat' dir='ltr'>orbitae</span> <span class='ocrx_word' id='word_1_680' title='bbox 1584 2387 1720 2418; x_wconf 86' lang='lat' dir='ltr'>Telluris</span> <span class='ocrx_word' id='word_1_681' title='bbox 1731 2387 1811 2418; x_wconf 75' lang='lat' dir='ltr'>circa</span> <span class='ocrx_word' id='word_1_682' title='bbox 1821 2387 1934 2422; x_wconf 81' lang='lat' dir='ltr'>Solem.</span> 
     </span>
    </p>

    <p class='ocr_par' dir='ltr' id='par_1_31' title="bbox 1626 2440 1891 2481">
     <span class='ocr_line' id='line_1_99' title="bbox 1626 2440 1891 2481; baseline -0.011 0"><span class='ocrx_word' id='word_1_683' title='bbox 1626 2453 1658 2473; x_wconf 83' lang='lat' dir='ltr'>m</span> <span class='ocrx_word' id='word_1_684' title='bbox 1673 2441 1748 2481; x_wconf 66' lang='lat' dir='ltr'>ssei</span> <span class='ocrx_word' id='word_1_685' title='bbox 1760 2442 1776 2460; x_wconf 83' lang='lat'><em>²</em></span> <span class='ocrx_word' id='word_1_686' title='bbox 1793 2445 1828 2478; x_wconf 80' lang='grc' dir='ltr'>Χ</span> <span class='ocrx_word' id='word_1_687' title='bbox 1842 2440 1854 2470; x_wconf 85' lang='lat'>¹</span> <span class='ocrx_word' id='word_1_688' title='bbox 1868 2449 1891 2479; x_wconf 72' lang='lat' dir='ltr'>r</span> 
     </span>
    </p>
   </div>
   <div class='ocr_carea' id='block_1_25' title="bbox 1107 2472 1938 2541">
    <p class='ocr_par' dir='ltr' id='par_1_32' title="bbox 1107 2472 1938 2541">
     <span class='ocr_line' id='line_1_100' title="bbox 1107 2472 1938 2541; baseline -0.005 -35"><span class='ocrx_word' id='word_1_689' title='bbox 1107 2475 1294 2515; x_wconf 86' lang='lat' dir='ltr'>exprimetur</span> <span class='ocrx_word' id='word_1_690' title='bbox 1308 2483 1362 2513; x_wconf 88' lang='lat' dir='ltr'>per</span> <span class='ocrx_word' id='word_1_691' title='bbox 1375 2472 1576 2514; x_wconf 81' lang='lat' dir='ltr'>quantitatem</span> <span class='ocrx_word' id='word_1_692' title='bbox 1586 2480 1938 2541; x_wconf 45' lang='lat' dir='ltr'>{W</span> 
     </span>
    </p>
   </div>
   <div class='ocr_carea' id='block_1_26' title="bbox 1585 2495 1718 2503">
    <p class='ocr_par' dir='ltr' id='par_1_33' title="bbox 1585 2495 1718 2503">
     <span class='ocr_line' id='line_1_101' title="bbox 1585 2495 1718 2503; baseline 0 1019"><span class='ocrx_word' id='word_1_693' title='bbox 1585 2495 1718 2503; x_wconf 95' lang='lat' dir='ltr'> </span> 
     </span>
    </p>
   </div>
   <div class='ocr_carea' id='block_1_27' title="bbox 1109 2567 1797 2609">
    <p class='ocr_par' dir='ltr' id='par_1_34' title="bbox 1109 2567 1797 2609">
     <span class='ocr_line' id='line_1_102' title="bbox 1109 2567 1797 2609; baseline -0.006 -7"><span class='ocrx_word' id='word_1_694' title='bbox 1109 2571 1172 2602; x_wconf 84' lang='lat' dir='ltr'>sive</span> <span class='ocrx_word' id='word_1_695' title='bbox 1180 2567 1278 2600; x_wconf 66' lang='lat' dir='ltr'>divisa</span> <span class='ocrx_word' id='word_1_696' title='bbox 1291 2567 1349 2599; x_wconf 66' lang='lat' dir='ltr'>hac</span> <span class='ocrx_word' id='word_1_697' title='bbox 1357 2568 1526 2609; x_wconf 72' lang='lat' dir='ltr'>quantitate</span> <span class='ocrx_word' id='word_1_698' title='bbox 1539 2577 1594 2607; x_wconf 83' lang='lat' dir='ltr'>per</span> <span class='ocrx_word' id='word_1_699' title='bbox 1607 2573 1797 2598; x_wconf 79' lang='lat' dir='ltr'>constantem</span> 
     </span>
    </p>
   </div>
   <div class='ocr_carea' id='block_1_28' title="bbox 1546 2636 1706 2643">
    <p class='ocr_par' dir='ltr' id='par_1_35' title="bbox 1546 2636 1706 2643">
     <span class='ocr_line' id='line_1_103' title="bbox 1546 2636 1706 2643; baseline 0 879"><span class='ocrx_word' id='word_1_700' title='bbox 1546 2636 1706 2643; x_wconf 95' lang='lat' dir='ltr'> </span> 
     </span>
    </p>
   </div>
   <div class='ocr_carea' id='block_1_29' title="bbox 1106 2645 1938 3105">
    <p class='ocr_par' dir='ltr' id='par_1_36' title="bbox 1106 2645 1938 3105">
     <span class='ocr_line' id='line_1_104' title="bbox 1555 2645 1702 2681; baseline 0 0"><span class='ocrx_word' id='word_1_701' title='bbox 1555 2646 1587 2673; x_wconf 76' lang='lat'>&#39;¹¹¹</span> <span class='ocrx_word' id='word_1_702' title='bbox 1602 2647 1641 2681; x_wconf 56' lang='grc' dir='ltr'>Σ</span> <span class='ocrx_word' id='word_1_703' title='bbox 1649 2645 1679 2681; x_wconf 72' lang='lat' dir='ltr'>el</span> <span class='ocrx_word' id='word_1_704' title='bbox 1687 2646 1702 2663; x_wconf 86' lang='lat'><em>²</em></span> 
     </span>
     <span class='ocr_line' id='line_1_105' title="bbox 1486 2695 1922 2778; baseline 0.002 -1"><span class='ocrx_word' id='word_1_705' title='bbox 1486 2720 1499 2750; x_wconf 89' lang='lat'>¹</span> <span class='ocrx_word' id='word_1_706' title='bbox 1521 2738 1564 2746; x_wconf 89' lang='lat'>—</span> <span class='ocrx_word' id='word_1_707' title='bbox 1588 2731 1603 2751; x_wconf 54' lang='grc' dir='ltr'><strong>ε</strong></span> <span class='ocrx_word' id='word_1_708' title='bbox 1627 2721 1668 2759; x_wconf 69' lang='lat' dir='ltr'>ss</span> <span class='ocrx_word' id='word_1_709' title='bbox 1692 2696 1773 2744; x_wconf 91' lang='lat'>-¹-</span> <span class='ocrx_word' id='word_1_710' title='bbox 1787 2721 1830 2764; x_wconf 83' lang='lat'>÷</span> <span class='ocrx_word' id='word_1_711' title='bbox 1845 2695 1922 2778; x_wconf 58' lang='grc' dir='ltr'>,τὲ</span> 
     </span>
     <span class='ocr_line' id='line_1_106' title="bbox 1108 2789 1936 2830; baseline -0.006 -6"><span class='ocrx_word' id='word_1_712' title='bbox 1108 2794 1192 2824; x_wconf 89' lang='lat' dir='ltr'>Nam</span> <span class='ocrx_word' id='word_1_713' title='bbox 1218 2792 1337 2823; x_wconf 87' lang='lat' dir='ltr'>dicatur</span> <span class='ocrx_word' id='word_1_714' title='bbox 1363 2802 1383 2821; x_wconf 91' lang='lat' dir='ltr'>x</span> <span class='ocrx_word' id='word_1_715' title='bbox 1409 2799 1557 2821; x_wconf 85' lang='lat' dir='ltr'>numerus</span> <span class='ocrx_word' id='word_1_716' title='bbox 1581 2789 1736 2830; x_wconf 83' lang='lat' dir='ltr'>graduum</span> <span class='ocrx_word' id='word_1_717' title='bbox 1762 2799 1854 2830; x_wconf 84' lang='lat' dir='ltr'>quem</span> <span class='ocrx_word' id='word_1_718' title='bbox 1881 2791 1936 2822; x_wconf 88' lang='lat' dir='ltr'>Sol</span> 
     </span>
     <span class='ocr_line' id='line_1_107' title="bbox 1106 2831 1936 2874; baseline -0.002 -8"><span class='ocrx_word' id='word_1_719' title='bbox 1106 2836 1248 2866; x_wconf 89' lang='lat' dir='ltr'>emetitur</span> <span class='ocrx_word' id='word_1_720' title='bbox 1263 2835 1392 2865; x_wconf 84' lang='lat' dir='ltr'>durante</span> <span class='ocrx_word' id='word_1_721' title='bbox 1406 2832 1514 2874; x_wconf 89' lang='lat' dir='ltr'>quovis</span> <span class='ocrx_word' id='word_1_722' title='bbox 1527 2842 1632 2862; x_wconf 87' lang='lat' dir='ltr'>mense</span> <span class='ocrx_word' id='word_1_723' title='bbox 1647 2831 1802 2870; x_wconf 84' lang='lat' dir='ltr'>synodico,</span> <span class='ocrx_word' id='word_1_724' title='bbox 1816 2842 1936 2864; x_wconf 71' lang='lat' dir='ltr'>nume·</span> 
     </span>
     <span class='ocr_line' id='line_1_108' title="bbox 1106 2874 1937 2920; baseline -0.004 -12"><span class='ocrx_word' id='word_1_725' title='bbox 1106 2889 1159 2908; x_wconf 90' lang='lat' dir='ltr'>rus</span> <span class='ocrx_word' id='word_1_726' title='bbox 1174 2877 1328 2920; x_wconf 86' lang='lat' dir='ltr'>graduum</span> <span class='ocrx_word' id='word_1_727' title='bbox 1353 2886 1446 2916; x_wconf 89' lang='lat' dir='ltr'>quem</span> <span class='ocrx_word' id='word_1_728' title='bbox 1462 2875 1556 2906; x_wconf 81' lang='lat' dir='ltr'>Luna</span> <span class='ocrx_word' id='word_1_729' title='bbox 1570 2874 1679 2904; x_wconf 88' lang='lat' dir='ltr'>eodem</span> <span class='ocrx_word' id='word_1_730' title='bbox 1703 2880 1840 2914; x_wconf 84' lang='lat' dir='ltr'>tempore</span> <span class='ocrx_word' id='word_1_731' title='bbox 1852 2885 1937 2907; x_wconf 77' lang='lat' dir='ltr'>erne-</span> 
     </span>
     <span class='ocr_line' id='line_1_109' title="bbox 1106 2917 1938 2990; baseline -0.007 -39"><span class='ocrx_word' id='word_1_732' title='bbox 1106 2920 1208 2957; x_wconf 87' lang='lat' dir='ltr'>tietur,</span> <span class='ocrx_word' id='word_1_733' title='bbox 1235 2919 1293 2950; x_wconf 86' lang='lat' dir='ltr'>erit</span> <span class='ocrx_word' id='word_1_734' title='bbox 1315 2922 1380 2950; x_wconf 81' lang='lat'>360</span> <span class='ocrx_word' id='word_1_735' title='bbox 1395 2918 1438 2960; x_wconf 69' lang='grc' dir='ltr'>-Ι-</span> <span class='ocrx_word' id='word_1_736' title='bbox 1455 2927 1486 2954; x_wconf 85' lang='lat' dir='ltr'>x,</span> <span class='ocrx_word' id='word_1_737' title='bbox 1512 2917 1569 2947; x_wconf 87' lang='lat' dir='ltr'>erit</span> <span class='ocrx_word' id='word_1_738' title='bbox 1583 2926 1657 2958; x_wconf 84' lang='lat' dir='ltr'>ergo</span> <span class='ocrx_word' id='word_1_739' title='bbox 1682 2917 1938 2990; x_wconf 52' lang='grc' dir='ltr'>ωοῑυὲὴὲἱαίω</span> 
     </span>
     <span class='ocr_line' id='line_1_110' title="bbox 1737 3002 1889 3059; baseline 0 -11"><span class='ocrx_word' id='word_1_740' title='bbox 1737 3026 1770 3048; x_wconf 81' lang='grc' dir='ltr'>ιιι</span> <span class='ocrx_word' id='word_1_741' title='bbox 1785 3017 1824 3058; x_wconf 74' lang='lat' dir='ltr'>ss</span> <span class='ocrx_word' id='word_1_742' title='bbox 1836 3002 1889 3059; x_wconf 70' lang='lat' dir='ltr'>el²</span> 
     </span>
     <span class='ocr_line' id='line_1_111' title="bbox 1109 3059 1935 3105; baseline -0.005 -10"><span class='ocrx_word' id='word_1_743' title='bbox 1109 3067 1172 3095; x_wconf 82' lang='lat'>360</span> <span class='ocrx_word' id='word_1_744' title='bbox 1187 3063 1230 3105; x_wconf 69' lang='grc' dir='ltr'>-Ι-</span> <span class='ocrx_word' id='word_1_745' title='bbox 1248 3073 1269 3093; x_wconf 88' lang='lat' dir='ltr'>x</span> <span class='ocrx_word' id='word_1_746' title='bbox 1283 3061 1368 3099; x_wconf 82' lang='lat' dir='ltr'>adx,</span> <span class='ocrx_word' id='word_1_747' title='bbox 1384 3066 1416 3092; x_wconf 89' lang='lat' dir='ltr'>et</span> <span class='ocrx_word' id='word_1_748' title='bbox 1429 3059 1665 3092; x_wconf 81' lang='lat' dir='ltr'>dividendom2</span> <span class='ocrx_word' id='word_1_749' title='bbox 1679 3059 1744 3100; x_wconf 74' lang='lat' dir='ltr'>1ss</span> <span class='ocrx_word' id='word_1_750' title='bbox 1758 3063 1850 3092; x_wconf 80' lang='lat' dir='ltr'>2me</span> <span class='ocrx_word' id='word_1_751' title='bbox 1865 3059 1877 3091; x_wconf 88' lang='lat'><em>1</em></span> <span class='ocrx_word' id='word_1_752' title='bbox 1891 3061 1935 3102; x_wconf 61' lang='grc' dir='ltr'>-ξ-</span> 
     </span>
    </p>
   </div>
   <div class='ocr_carea' id='block_1_30' title="bbox 1105 2663 1458 2705">
    <p class='ocr_par' dir='ltr' id='par_1_37' title="bbox 1105 2663 1458 2705">
     <span class='ocr_line' id='line_1_112' title="bbox 1105 2663 1458 2705; baseline -0.008 -8"><span class='ocrx_word' id='word_1_753' title='bbox 1105 2664 1219 2697; x_wconf 80' lang='lat' dir='ltr'>mensis</span> <span class='ocrx_word' id='word_1_754' title='bbox 1232 2663 1398 2705; x_wconf 81' lang='lat' dir='ltr'>synodicus</span> <span class='ocrx_word' id='word_1_755' title='bbox 1421 2669 1458 2694; x_wconf 91' lang='lat' dir='ltr'>ut</span> 
     </span>
    </p>
   </div>
   <div class='ocr_carea' id='block_1_31' title="bbox 1746 3000 1844 3006">
    <p class='ocr_par' dir='ltr' id='par_1_38' title="bbox 1746 3000 1844 3006">
     <span class='ocr_line' id='line_1_113' title="bbox 1746 3000 1844 3006; baseline 0 0"><span class='ocrx_word' id='word_1_756' title='bbox 1746 3000 1844 3006; x_wconf 95' lang='lat' dir='ltr'> </span> 
     </span>
    </p>
   </div>
   <div class='ocr_carea' id='block_1_32' title="bbox 1108 2983 1936 3021">
    <p class='ocr_par' dir='ltr' id='par_1_39' title="bbox 1108 2983 1936 3021">
     <span class='ocr_line' id='line_1_114' title="bbox 1108 2983 1936 3021; baseline -0.004 0"><span class='ocrx_word' id='word_1_757' title='bbox 1108 2989 1210 3021; x_wconf 81' lang='lat' dir='ltr'>Lunae</span> <span class='ocrx_word' id='word_1_758' title='bbox 1231 2989 1243 3019; x_wconf 89' lang='lat'>1</span> <span class='ocrx_word' id='word_1_759' title='bbox 1265 2988 1305 3020; x_wconf 81' lang='lat' dir='ltr'>ad</span> <span class='ocrx_word' id='word_1_760' title='bbox 1325 2993 1445 3019; x_wconf 87' lang='lat' dir='ltr'>motum</span> <span class='ocrx_word' id='word_1_761' title='bbox 1466 2985 1622 3017; x_wconf 75' lang='lat' dir='ltr'>horarium</span> <span class='ocrx_word' id='word_1_762' title='bbox 1644 2983 1724 3016; x_wconf 66' lang='lat' dir='ltr'>Solis</span> <span class='ocrx_word' id='word_1_763' title='bbox 1898 2991 1936 3018; x_wconf 75' lang='lat' dir='ltr'>ut</span> 
     </span>
    </p>
   </div>
   <div class='ocr_carea' id='block_1_33' title="bbox 2034 1767 2072 3522">
    <p class='ocr_par' dir='ltr' id='par_1_40' title="bbox 2034 1767 2072 3522">
     <span class='ocr_line' id='line_1_115' title="bbox 2034 1767 2072 3522; baseline 0 0"><span class='ocrx_word' id='word_1_764' title='bbox 2034 1767 2072 3522; x_wconf 95' lang='lat' dir='ltr'> </span> 
     </span>
    </p>
   </div>
  </div>
 </body>
</html>
