2072 3522
36 250 41 265 ⁸
100 281 251 326 Lumn
264 278 504 330 Tenum]
549 271 872 319 PRINCIPIA
902 264 1399 341 MATHEMATICA.

1735 268 1819 308 179

27 435 35 437 t
98 396 145 438 in
162 394 313 438 vicinia
335 392 445 436 Solis
465 399 508 446 et
519 391 642 447 juxta
660 401 812 443 corpus
830 385 1008 428 stimans.
1068 381 1139 424 Ex
1157 379 1412 436 obliquitatis
1432 385 1571 420 autem
1586 377 1822 419 diversitate

98 466 384 511 incurvabitur
412 463 578 520 vaporis
606 461 826 504 columna:
858 466 900 500 et
919 456 1018 513 quia
1045 467 1175 509 vapor
1203 452 1249 493 in
1277 450 1482 493 columnae
1511 450 1641 492 latere
1663 463 1821 505 praece-

144 571 216 600 166.
244 563 429 606 Longitudo
449 561 558 594 eaudae
580 561 641 592 hoc
664 558 760 590 modo
782 562 885 597 potest

99 610 242 643 inveniri.
291 609 338 640 Sit
361 608 384 638 S
405 606 467 642 sol,
494 606 521 636 C
542 610 663 636 cometa
681 602 771 643 cujus
784 599 884 632 cauda

103 654 131 686 C
145 663 164 684 e
172 664 183 691 ;
204 662 243 683 ex
265 649 398 692 cognitis
414 648 494 679 Solis
508 653 539 678 et
553 651 682 677 cometae
702 644 778 675 locis
792 649 886 673 notus

100 695 160 727 erit
179 695 318 736 angulus
339 693 369 724 T
387 693 414 724 C
430 692 470 725 Ε,
497 688 631 730 dataqne
657 690 726 730 (per
747 684 884 734 observ.)

101 737 276 769 deviatione
299 735 407 766 caudae
435 745 455 764 a
485 733 565 764 Solis
588 730 737 771 opposito,
761 728 885 759 dabitur

101 780 238 822 angulus
261 779 292 810 E
310 779 336 810 C
351 788 380 814 e,
395 787 432 808 ac
450 774 580 815 proinde
599 775 770 804 innotescet
784 781 885 811 angu-

100 823 153 855 lus
182 823 212 854 T
230 823 257 853 C
271 832 299 859 e,
322 829 416 861 quem
441 818 557 850 scilicet
579 816 678 848 cauda
697 815 791 846 efficit
812 823 887 844 cum

83 865 184 896 'recta
205 864 335 896 Terram
358 869 390 893 et
413 868 567 893 cometam
587 859 750 900 jungente.
800 856 886 886 Prae-

103 907 187 939 tere&
217 909 287 950 (per
314 905 451 944 observ.)
485 902 650 933 innotescit
683 899 819 940 angulus
845 897 887 927 ad

105 951 235 982 Terram
252 950 279 981 C
295 949 325 980 T
339 959 367 985 e,
382 957 475 988 quem
490 945 589 976 cauda
602 942 768 978 subtendit,
791 939 886 981 quare

107 996 178 1036 (per
189 992 341 1024 theoriam
354 988 499 1028 cometae)
514 986 588 1018 data
600 992 729 1017 oometae
742 981 890 1014 distantia.

104 1047 124 1067 a
139 1035 247 1072 Terra,
263 1033 386 1065 dabitur
398 1031 507 1063 caudae
519 1029 694 1071 longitudo.

151 1081 223 1110 167.
250 1077 374 1108 Novam
396 1075 630 1114 elegantemque
650 1068 832 1101 methodum
847 1066 887 1098 ad

106 1127 297 1152 cometarum
311 1125 417 1150 motus
429 1118 463 1147 in
476 1117 552 1147 orbe
570 1114 744 1155 parabolico
758 1121 888 1150 compu-

105 1163 216 1195 nudos
229 1162 401 1198 nobiscum,
420 1157 478 1190 suti.
491 1158 692 1193 humanitate,
714 1152 889 1185 communi-

106 1206 189 1238 cavit
211 1203 326 1236 clariss-
353 1203 401 1235 vir
421 1208 461 1239 et
482 1201 516 1232 iu
543 1202 636 1232 rebus
663 1196 890 1230 mathematicis

107 1247 328 1279 versati-&mus
354 1246 398 1277 D.
417 1244 457 1276 de
480 1245 653 1276 Cbezeaux.
700 1238 890 1272 Methodum

76 1305 79 1307 ¹
106 1291 189 1321 hanc
209 1289 379 1321 describere
400 1286 527 1328 longius
550 1287 649 1316 foret:
684 1282 792 1324 paucis
808 1280 889 1311 dun-

107 1339 193 1364 taxat
219 1341 412 1372 exponemus
435 1328 499 1371 qua
520 1329 638 1360 ratione
662 1324 890 1368 longitudinem

108 1382 202 1416 atque
236 1374 441 1405 deviationem
476 1371 584 1411 caudae
614 1369 785 1408 investigat.
843 1366 891 1397 sit

109 1424 230 1449 corneto
242 1417 274 1448 in
290 1422 407 1456 puncto
421 1415 453 1446 G
466 1413 548 1446 circa
559 1413 643 1455 quod
657 1419 809 1452 tanquam>
818 1418 891 1440 cen-

110 1467 195 1491 trum
210 1460 399 1490 describatur
413 1458 533 1498 sphaera
546 1456 636 1497 cujus
651 1456 730 1486 radii

114 1504 147 1534 G
159 1503 200 1539 A,
217 1503 246 1533 G
262 1502 304 1539 Ε,
317 1501 380 1532 siut
393 1500 526 1541 aequales
540 1498 730 1540 longitudini

112 1545 222 1577 caudae
233 1550 372 1575 cometae.
410 1543 611 1582 Concipiatur
625 1541 657 1571 in
671 1541 730 1572 hac

112 1587 233 1627 sphaeri
247 1589 375 1626 planum
388 1584 536 1625 eclipticae
547 1583 731 1623 parallelum

111 1631 229 1661 habens
248 1629 337 1668 polos
357 1628 390 1659 in
415 1629 450 1660 D
470 1633 503 1658 et
525 1627 572 1664 H,
594 1627 731 1667 itemque

112 1672 306 1712 concipiatur
340 1671 470 1711 planum
509 1670 539 1701 A
571 1669 606 1700 Κ
636 1667 667 1700 Β
699 1667 732 1700 Ε

113 1715 298 1755 parallelum
313 1714 422 1744 orbita,
435 1721 515 1744 verae
528 1718 661 1743 oometae
675 1712 732 1742 ha·-

114 1759 192 1789 bens
206 1757 314 1797 polum
334 1766 436 1787 unum
456 1755 490 1785 in
515 1755 556 1792 G,
579 1755 620 1785 sit
635 1754 732 1785 Terra

114 1800 150 1830 in
165 1800 214 1836 M,
235 1799 304 1840 ejus
323 1797 488 1840 longitudo
501 1808 519 1828 e
533 1794 654 1827 cometa
667 1796 732 1827 visa

114 1841 466 1882 etadplauumorbitae
490 1840 521 1872 A
539 1839 572 1872 K
592 1837 668 1870 BE
685 1848 732 1869 re-

116 1884 220 1920 ducta,
237 1884 426 1924 exprimetur
440 1893 496 1923 per
509 1891 616 1912 arcum
639 1882 672 1912 K
691 1882 731 1918 B,

115 1927 248 1959 latitudo
258 1932 362 1957 autem
374 1935 429 1965 per
438 1935 545 1955 arcum
559 1924 592 1955 K
598 1924 623 1965 j.
649 1924 734 1959 Quia

117 1969 190 2001 vero
212 1969 304 1999 datur
325 1970 395 2009 (por
412 1966 548 2007 observ.)
569 1966 735 2007 longitudo

118 2017 248 2043 cometae
262 2021 280 2041 e
293 2009 393 2040 Ten-5
406 2010 479 2046 visa,
494 2008 618 2040 dabitur
631 2008 734 2048 longi-

119 2053 197 2085 tudo
216 2053 322 2085 Tm
335 2062 354 2083 e
367 2050 491 2084 cometa
501 2051 586 2088 visa;
612 2050 666 2081 sed
680 2051 734 2080 da-

118 2104 172 2127 tur
193 2095 327 2127 latitudo
351 2101 481 2126 cometa
505 2096 574 2136 (per
595 2094 732 2133 observ.)

120 2145 152 2169 et
177 2141 254 2180 (perv
271 2138 420 2169 theoriam
438 2137 581 2174 cometae)
603 2137 734 2167 habetur

120 2181 280 2212 inclinatio
293 2180 378 2220 plani
397 2180 426 2210 A
446 2179 481 2210 K
497 2180 528 2212 Β
546 2180 588 2216 Ε,
607 2178 647 2209 ad
666 2179 732 2217 pla-

122 2234 200 2254 num
222 2223 381 2262 ecliptirae,
410 2222 547 2262 itemque
571 2221 734 2252 innotescit

121 2266 210 2297 locus
230 2266 305 2297 nodi
329 2266 368 2296 B.
413 2264 519 2301 Quare
535 2266 605 2305 (per
618 2264 730 2305 trigon.

122 2308 250 2348 spbaer.)
265 2308 439 2339 invenietur
452 2306 615 2348 longitudo
631 2307 736 2338 Terrae

122 2358 263 2390 respectu
290 2350 375 2390 plani
406 2351 436 2380 A
464 2349 499 2380 R
529 2347 621 2386 ΒΕ,
647 2349 739 2389 cujus

74 2407 77 2408 ⁷
123 2403 270 2424 mensura
289 2400 337 2424 est
357 2402 445 2424 arcus
469 2393 498 2423 Β
515 2393 548 2423 N
566 2393 597 2422 A
617 2391 660 2428 K,
682 2391 866 2434 dabiturque
889 2393 958 2425 lati-

123 2436 202 2467 tudo
229 2436 263 2467 K
282 2436 308 2476 j.
361 2436 437 2467 Jam
461 2434 535 2466 vero
557 2434 653 2465 dueta
674 2433 758 2465 linei
783 2437 822 2467 M
850 2436 890 2473 E,
921 2446 960 2467 ex

127 2478 226 2510 Terra
249 2479 298 2515 M,
321 2478 360 2509 ad
375 2476 599 2508 extremitatem
614 2476 722 2507 enudae
738 2478 780 2515 Ε,
803 2478 893 2518 eujus
907 2489 961 2510 ex-

124 2521 287 2552 tremitatis
315 2519 480 2562 longitudo
507 2525 541 2550 et
565 2519 699 2550 latitudo
712 2531 731 2551 e
761 2520 859 2552 Terra
888 2521 962 2551 visae

127 2564 198 2605 (per
217 2563 352 2603 observ.)
375 2570 458 2593 notae
478 2568 561 2599 sunt,
584 2568 695 2603 agatur
719 2563 750 2594 G
768 2563 795 2594 F
818 2564 963 2603 ραι-811618

126 2611 219 2636 roetae
234 2606 266 2637 E
282 2607 332 2643 M,
354 2605 466 2636 eodem
485 2604 578 2645 plane
597 2604 691 2635 modo
704 2615 741 2636 ac
754 2605 850 2646 supra
869 2607 962 2638 inno-

126 2654 223 2679 tescet
242 2649 353 2687 positio
373 2647 483 2688 puncti
499 2648 527 2678 F
540 2648 575 2677 in
593 2647 754 2686 superficie
767 2649 895 2688 sphaerae
914 2659 963 2679 re-

126 2696 236 2730 spectu
256 2690 342 2729 plani
365 2691 397 2722 A
414 2690 449 2722 K
466 2690 496 2722 B
512 2688 556 2726 Ε,
576 2690 788 2732 descriptoque
809 2700 883 2722 arcu
904 2691 964 2722 cir-

127 2733 193 2764 culi
206 2733 334 2763 maximi
351 2733 383 2764 G
394 2733 422 2764 F
433 2733 472 2770 L,
487 2733 685 2764 invenientur
697 2743 787 2764 arcus
802 2734 832 2764 B
846 2734 880 2764 N
890 2734 922 2764 A
933 2734 964 2765 L

128 2782 162 2806 et
178 2775 205 2806 F
218 2775 258 2805 L.
300 2775 363 2806 Sed
375 2775 409 2806 in
422 2775 579 2817 triangulo
592 2776 742 2814 sphaerico
759 2776 816 2817 Gj
831 2776 868 2812 F,
885 2777 965 2807 datis

128 2817 226 2849 latere
242 2817 274 2848 G
283 2817 310 2858 j,
323 2818 551 2857 complemento
564 2818 679 2849 scilicet
691 2818 731 2849 ad
740 2819 756 2859 j
766 2818 811 2855 K,
826 2825 858 2849 et
871 2819 967 2850 latere

134 2861 164 2891 G
185 2860 222 2896 F,
243 2860 472 2900 complemento
491 2861 535 2892 ad
559 2861 585 2892 F
601 2861 641 2898 L,
663 2868 757 2902 atque
777 2861 872 2892 latere
895 2861 922 2892 F
938 2861 966 2902 j,

130 2901 278 2934 mensurii
297 2902 407 2943 anguli
431 2903 458 2933 Ε
475 2903 505 2934 G
516 2904 542 2945 j,
562 2904 617 2945 qui
639 2904 766 2944 aequalis
783 2910 830 2934 est
850 2903 969 2944 angulo

135 2946 167 2976 G
187 2946 225 2976 M
249 2945 291 2982 Ε,
312 2945 487 2976 invenietur
506 2945 646 2987 angulus
667 2947 698 2978 G
716 2946 744 2977 F
753 2947 778 2987 j.
826 2946 969 2977 Tandem

97 3001 101 3004 ·
132 2988 326 3028 concipiatur
337 2987 470 3027 planum
482 2987 590 3019 circuli
608 2989 738 3019 maximi
751 2989 903 3020 transiens
915 2998 978 3028 per·

131 3037 251 3070 puncta
273 3030 310 3067 F,
328 3031 355 3071 j,
377 3040 432 3070 per
445 3036 587 3062 nonu-um
603 3031 645 3067 G,
661 3041 828 3063 commune
841 3032 970 3070 sphaerae

133 3079 167 3103 et
185 3079 325 3110 cometae,
349 3079 442 3114 atque
463 3082 520 3113 per
539 3074 764 3106 extremitatem
787 3073 896 3105 caudae
926 3073 968 3111 E,

134 3115 286 3156 cujusque
307 3116 404 3146 sectio
420 3125 499 3164 cum
523 3115 619 3155 plano
643 3117 674 3147 A
699 3117 730 3147 N
756 3117 795 3154 B,
822 3117 862 3148 sit
886 3122 970 3147 recta

137 3157 168 3189 E
183 3158 214 3189 G
226 3158 282 3195 ΛΕ,
298 3158 482 3190 formabimr
491 3158 623 3192 alterum
636 3159 828 3201 triangulum
842 3159 969 3199 sphaeri-

1003 2403 1077 2424 cum
1106 2393 1149 2423 AE
1167 2393 1195 2424 F
1217 2394 1254 2431 L,
1280 2394 1371 2434 cujus
1389 2394 1455 2436 jam
1481 2394 1681 2425 innotescunt
1705 2393 1841 2435 angulus

1004 2437 1048 2467 AE
1066 2436 1094 2467 F
1109 2436 1139 2467 L
1153 2443 1186 2467 et
1198 2436 1281 2468 latus
1297 2437 1324 2468 F
1339 2437 1379 2474 L,
1395 2447 1490 2478 quare
1504 2437 1628 2468 dabitur
1641 2437 1781 2468 latumAE
1800 2437 1839 2474 L,

1003 2489 1040 2510 ac
1068 2478 1198 2518 proinde
1226 2481 1319 2510 etiam
1348 2479 1471 2510 dabitur
1499 2490 1589 2510 arcus
1619 2480 1648 2510 Β
1667 2480 1696 2509 Α
1716 2480 1771 2515 AE,
1801 2480 1841 2509 ob

1004 2523 1113 2552 datum
1127 2531 1235 2552 arcum
1253 2523 1280 2553 Β
1295 2523 1324 2552 A
1337 2522 1385 2560 L;
1408 2522 1579 2553 innotescet
1591 2528 1738 2561 praeterea
1752 2531 1842 2551 arcus

1006 2564 1035 2595 B
1052 2564 1093 2600 E,
1107 2563 1200 2604 atque
1214 2564 1403 2595 obtinebitur
1416 2575 1506 2595 arcus
1522 2565 1564 2594 AE
1584 2565 1619 2600 F.
1642 2564 1697 2604 qui
1718 2563 1843 2594 additus

1004 2606 1091 2638 arcui
1120 2606 1147 2637 F
1155 2606 1181 2647 j,
1205 2606 1291 2637 dabit
1315 2617 1422 2637 arcum
1449 2607 1493 2638 ΖΕ
1511 2607 1536 2648 j,
1562 2605 1697 2648 ideoque
1719 2606 1843 2637 dabitur

1005 2659 1095 2680 arcus
1110 2649 1141 2679 Ε
1152 2649 1179 2691 j,
1200 2659 1346 2680 mensura
1358 2649 1468 2690 anguli
1482 2649 1630 2680 rectilinei
1647 2649 1662 2690 j
1681 2649 1712 2679 G
1729 2649 1770 2685 Ε,
1794 2647 1843 2678 vel

1006 2692 1047 2722 M
1065 2691 1096 2722 G
1114 2691 1156 2722 Ε.
1203 2691 1295 2723 Datis
1316 2698 1420 2722 autem
1443 2692 1479 2722 in
1504 2692 1662 2732 triangulo
1685 2691 1844 2722 rectilineo

1007 2734 1048 2764 M
1072 2734 1104 2765 G
1128 2734 1168 2770 Ε,
1193 2734 1319 2775 angulis
1344 2735 1384 2765 M
1410 2734 1440 2765 G
1463 2734 1502 2770 Ε,
1533 2734 1667 2765 GME
1693 2740 1726 2765 et
1749 2733 1844 2763 latere

1010 2776 1042 2807 G
1066 2776 1117 2814 M,
1142 2776 1266 2807 dabitur
1288 2777 1369 2808 latus
1397 2777 1428 2808 G
1450 2777 1494 2813 Ε,
1515 2777 1575 2807 hoc
1600 2784 1656 2814 est,
1680 2776 1845 2817 longitudo

1008 2819 1126 2850 mudae.
1174 2820 1207 2849 Si
1229 2820 1331 2860 itaque
1351 2820 1500 2850 habeatur
1521 2819 1666 2850 distantia
1683 2826 1812 2849 comete
1826 2828 1846 2848 a

1011 2860 1110 2892 Terra
1129 2861 1164 2892 in
1184 2862 1322 2902 partibus
1343 2862 1506 2893 mediocris
1525 2861 1678 2892 distantiae
1701 2862 1807 2893 Terrae
1826 2871 1847 2891 a

1013 2904 1086 2934 Sole
1096 2914 1247 2944 expressa,
1263 2905 1296 2935 in
1311 2904 1420 2935 iisdem
1436 2903 1560 2945 quoque
1574 2904 1713 2944 partibus
1726 2903 1846 2935 obtine-

1011 2947 1095 2977 bitur
1122 2946 1287 2988 longitudo
1315 2947 1432 2978 catudae.
1496 2947 1656 2982 Quoniam
1683 2945 1756 2978 vero
1793 2947 1863 2988 (ex'

1011 2988 1129 3019 theoria
1149 2990 1291 3030 cometae)
1314 2989 1406 3020 datur
1427 2989 1572 3020 distantia
1589 2995 1719 3020 cometa!
1732 3000 1751 3020 a
1765 2989 1848 3019 nodo

1012 3041 1050 3061 ex
1063 3031 1136 3062 Sole
1150 3032 1223 3069 visa,
1234 3033 1260 3062 si
1274 3043 1313 3063 ex
1329 3031 1387 3063 haic
1399 3031 1544 3062 distanti&
1554 3033 1750 3063 subtrahatur
1760 3041 1849 3062 arcus

1015 3074 1045 3104 Β
1062 3074 1105 3111 Ε,
1127 3074 1289 3105 habebitur
1309 3074 1446 3115 angulus
1465 3084 1560 3115 quem
1580 3081 1664 3105 recta
1677 3085 1732 3114 per
1745 3074 1850 3105 Solem

1012 3122 1045 3146 et
1054 3123 1207 3148 cometam
1219 3117 1313 3148 ducta
1326 3117 1558 3156 comprehendit
1566 3127 1640 3148 cum
1650 3116 1751 3148 caudi
1765 3117 1795 3147 G
1808 3116 1851 3152 E,

1010 3159 1071 3191 hoc
1085 3167 1139 3196 est,
1159 3159 1293 3191 deviatio
1306 3166 1434 3191 cometae
1449 3170 1468 3190 a
1484 3159 1565 3191 Sole.
