2072 3522
155 266 305 309 Lumn
319 265 558 318 varms]
595 267 917 310 PRINCIPIA
948 267 1441 311 MATHEMATICA.
1631 271 1639 281 ‘
1785 271 1864 307 145

155 382 301 439 guium
320 381 360 424 A
384 382 415 424 S
437 381 488 432 C,
509 382 647 432 idest,
669 391 717 425 ut
737 383 768 426 S
789 383 830 433 N
850 383 904 424 ad
928 384 960 426 S
979 383 1044 425 M.
1106 383 1249 433 Quare
1269 376 1311 426 A
1333 385 1371 427 C
1397 391 1460 427 est
1479 384 1533 425 ad
1561 382 1865 441 longitudinem

153 453 198 494 in
217 460 411 508 tangente
430 452 693 508 descriptam,
714 462 761 495 ut
783 454 813 496 S
830 471 862 501 ,ω
881 454 935 496 ad
957 455 988 496 S
1009 455 1064 496 N.
1127 454 1238 496 Cfim
1260 463 1399 498 autem
1418 456 1611 498 velocitas
1631 463 1804 497 cometae
1824 455 1866 495 in

155 522 372 564 altitudine
394 523 426 565 S
447 522 484 565 P
504 524 557 565 sit
586 527 680 579 (per
700 524 841 566 Corol.
863 531 903 567 6.
926 525 1053 581 Prop.
1077 526 1204 568 XVI.
1226 527 1321 569 Lib.
1344 527 1398 580 Ι.)
1429 527 1483 568 ad
1503 528 1589 583 ejus
1609 527 1866 569 velocitatem

152 595 198 636 in
226 595 442 637 altitudine
473 596 503 639 S
521 613 563 647 μ,
593 597 638 638 in
658 597 944 652 subduplicatfi
964 598 1124 640 ratione
1155 600 1186 642 S
1208 599 1245 641 P
1263 600 1319 641 ad
1341 601 1372 642 S
1388 617 1418 649 μ
1446 599 1621 650 inverse,
1653 600 1697 641 id
1717 608 1790 650 est,
1822 599 1867 640 in

159 668 313 710 catione
336 671 407 719 Sa.
425 670 480 712 ad
501 672 532 713 S
546 671 612 722 N3
643 671 686 727 (¹)
707 672 924 729 longitudo
943 673 1022 715 hac
1041 674 1254 716 velocitate
1274 675 1421 717 eodem
1441 684 1627 731 tempore
1648 676 1867 731 descripta,

156 740 232 782 erit
251 741 306 782 ad
325 736 626 799 longitudinem
646 743 690 784 in
710 752 905 802 tangente
925 745 1188 801 descriptam,
1210 754 1258 788 ut
1279 748 1309 789 S
1328 764 1358 796 μ
1377 747 1430 788 ad
1453 747 1483 789 S
1501 747 1555 788 N.
1617 746 1752 803 Igitur
1773 747 1812 787 A
1831 746 1868 788 C

154 818 196 853 et
224 811 442 869 longitudo
470 813 550 855 hac
578 813 686 856 nova'i
716 815 930 857 velocitate
960 815 1180 872 descripta,
1203 815 1298 858 crim
1319 818 1401 860 sint
1420 817 1475 859 ad
1494 817 1797 874 longitudinem
1825 817 1869 857 in

152 890 347 939 tangente
367 883 614 939 descriptam
634 884 678 926 in
697 884 843 928 eadem
863 888 1036 939 ratione,
1058 897 1276 945 aequantur
1294 890 1402 931 inter
1421 905 1477 931 se.
1539 889 1595 938 Q.
1617 904 1653 930 e.
1674 889 1715 930 d.

212 956 262 1012 (¹)
294 959 426 1000 Corol.
460 958 633 1000 Cometa
661 959 787 1016 igitur
815 960 861 1002 ea
895 976 991 1002 cum
1019 962 1247 1014 velocitate,
1278 965 1404 1020 quain
1432 963 1558 1004 habet
1583 962 1635 1024 in·
1653 961 1869 1003 altitudine

101 1046 107 1057 ·
159 1029 190 1071 S
207 1045 238 1079 ,ω
262 1038 304 1082 -Ι-
331 1029 359 1082 ἕν
379 1030 400 1071 Ι
419 1045 461 1080 μ,
492 1029 638 1072 eodem
658 1038 846 1086 tempore
866 1032 1118 1075 describeret
1136 1034 1334 1076 chordam
1362 1036 1404 1076 A
1426 1034 1463 1076 C
1482 1031 1810 1090 quamproxime.

833 1145 1068 1189 LEMMA
1099 1147 1183 1189 XI.

148 1253 199 1297 Si
217 1260 364 1294 cometa
384 1259 489 1295 motu
506 1255 614 1295 omni
623 1256 813 1308 privatius
834 1257 882 1297 de
901 1257 1116 1300 altitudine
1139 1259 1168 1301 S
1190 1258 1234 1300 N
1253 1274 1320 1301 seu
1342 1260 1372 1302 S
1391 1276 1420 1308 μ
1435 1259 1478 1301 -Ι-
1500 1289 1528 1316 3
1548 1244 1570 1301 Ῑ
1590 1276 1619 1308 μ
1648 1261 1870 1303 demittere-

209 1335 288 1378 tur,
310 1335 355 1369 ut
373 1329 532 1369 caderet
552 1330 596 1369 in
616 1330 756 1380 Solem,
786 1337 825 1371 et
843 1329 892 1370 ed
911 1345 1061 1385 semper
1080 1333 1122 1373 vi
1140 1333 1393 1388 uniformiter
1410 1332 1644 1374 continuata
1663 1341 1872 1389 urgeretur

207 1400 252 1440 in
273 1400 412 1450 Solem,
445 1399 523 1454 qud
543 1408 707 1456 urgetur
726 1402 799 1443 sub
820 1403 941 1443 initio
956 1426 972 1450 ;
1005 1405 1109 1445 idem
1129 1407 1284 1446 semisse
1303 1407 1501 1459 temporis,
1534 1421 1609 1460 quo
1629 1408 1672 1447 in
1692 1407 1785 1448 orbe
1803 1422 1872 1448 suo

210 1471 398 1512 describit
417 1486 558 1513 arcum
588 1472 628 1513 A
653 1472 702 1524 C,
732 1474 919 1516 descensu
946 1490 1016 1517 suo
1031 1490 1033 1492 ·
1050 1478 1288 1519 describeret
1320 1479 1490 1531 spatium
1525 1476 1772 1534 longitudini
1795 1479 1817 1521 I
1842 1497 1872 1527 μ
1903 1519 1906 1522 ,

209 1543 375 1597 aequale.

211 1654 322 1696 Nam
353 1665 526 1708 cometa,
559 1673 642 1714 quo
668 1667 858 1716 tempore
878 1653 1076 1706 describit
1094 1679 1235 1706 arcum
1262 1665 1544 1720 parabolicum
1578 1667 1618 1707 A
1641 1666 1691 1716 C,
1724 1666 1871 1707 eodem

150 1731 336 1780 tempore
366 1725 414 1767 efi
445 1741 541 1768 cum
569 1729 798 1782 velocitate,
830 1747 955 1788 quam
983 1733 1110 1775 habet
1137 1735 1181 1776 in
1211 1735 1430 1776 altitudine
1464 1737 1494 1778 S
1517 1736 1553 1778 P
1584 1739 1676 1791 (per
1697 1735 1872 1777 Lemma

146 1795 436 1851 novissimum)
458 1798 664 1842 describet
684 1801 882 1844 chordam
905 1786 946 1846 A
969 1805 1019 1855 C,
1043 1805 1221 1862 ideoque
1252 1811 1342 1861 (per
1364 1807 1505 1849 Corol.
1529 1812 1569 1861 7.
1594 1807 1721 1862 Prop.
1745 1807 1871 1848 XVI.

151 1866 248 1914 Liba
281 1867 337 1919 I.)
369 1868 516 1910 eodem
546 1877 737 1926 tempore
771 1873 814 1913 in
844 1874 1013 1925 circulo,
1047 1872 1163 1931 cujus
1193 1877 1516 1919 semi—diameter
1545 1887 1654 1919 esset
1688 1878 1718 1919 S
1749 1878 1798 1927 P,
1833 1878 1874 1918 vi

150 1939 361 1995 gravitatis
391 1956 475 1981 suae
505 1943 770 1995 revolvendo,
802 1945 1055 1988 describeret
1083 1963 1240 1998 arcum,
1283 1949 1398 2004 cujus
1432 1949 1651 2006 longitudo
1682 1957 1789 1990 esset
1818 1949 1872 1990 ad

151 2010 273 2052 arcus
301 2012 528 2067 parabolici
556 2013 756 2056 chordam
786 2016 827 2058 A
850 2017 899 2066 C,
932 2017 975 2058 in
1004 2018 1291 2074 subduplicatae‘i
1312 2020 1471 2060 ratione
1491 2020 1658 2061 unitatis
1679 2019 1732 2060 ad
1755 2019 1873 2060 bina-

151 2082 272 2124 rium.
334 2083 391 2125 Et
418 2092 640 2139 propterea
659 2101 710 2127 eo
731 2101 826 2127 cum
845 2089 1045 2142 pondere,
1078 2090 1192 2145 quod
1218 2090 1345 2131 habet
1364 2090 1406 2130 in
1431 2090 1573 2132 Solem
1593 2091 1634 2131 in
1656 2090 1873 2132 altitudine

156 2153 186 2195 S
207 2152 257 2203 P,
290 2153 478 2195 cadendo
507 2155 563 2196 de
590 2155 807 2198 altitudine
836 2157 906 2198 illa
937 2159 981 2199 in
1013 2160 1166 2210 Solem,
1198 2160 1450 2202 describeret
1481 2162 1650 2202 semisse
1673 2161 1872 2215 temporis

151 2224 262 2265 illius
300 2225 362 2280 ((¹)
394 2241 470 2281 per
507 2227 649 2268 Corol.
684 2234 723 2270 9.
759 2229 886 2284 Prop.
920 2230 997 2272 IV.
1029 2231 1123 2274 Lib.
1156 2232 1210 2284 Ι.)
1251 2233 1430 2287 spatium
1455 2233 1628 2289 uaequale
1669 2234 1872 2289 quadrato

153 2296 330 2338 semissis
361 2297 531 2340 chordae
560 2298 672 2340 illius
702 2300 909 2356 applicato
938 2302 992 2344 ad
1021 2304 1301 2360 quadruplum
1331 2305 1557 2348 altitudinis
1589 2307 1620 2348 S
1641 2307 1691 2361 P,
1723 2307 1767 2348 id
1796 2316 1870 2358 est,
1943 2327 1949 2329 *

363 2370 508 2439 A—tq.

152 2396 331 2452 spatium
362 2445 388 2480 4
413 2440 443 2481 S
466 2457 496 2489 μ

569 2399 632 2454 (¹¹¹)
666 2400 793 2443 Unde
823 2401 918 2444 cum
947 2403 1113 2459 pondus
1144 2405 1316 2448 cometis„-
1345 2407 1388 2447 in
1422 2407 1562 2448 Solem
1591 2409 1635 2449 in
1656 2407 1872 2451 altitudine

152 2580 278 2622 aequalis
292 2559 333 2639 ὲ
350 2582 369 2614 Ῐ
384 2596 418 2622 μ,
434 2588 466 2615 et
481 2589 527 2616 est
542 2584 582 2615 M
598 2599 621 2626 μ
636 2598 683 2616 -..
697 2601 722 2627 μ
738 2588 756 2619 1
773 2589 874 2630 (num.
896 2588 991 2628 139).
1032 2566 1494 2651 ἷξέειοῐὲἒὴῗέ.ηὲξὶῗπὲἰ).ωοω
1510 2567 1670 2608 daecriptae
1684 2572 1757 2598 sunt
1771 2572 1807 2598 Ut
1820 2577 1873 2598 γε·

156 2674 264 2711 Quare
281 2677 319 2708 M
331 2678 365 2708 N
379 2657 477 2737 =—;-
506 2680 525 2710 1
553 2694 589 2720 μ.
652 2681 713 2713 Est
738 2682 834 2724 igitur
855 2683 992 2724 spatium
1035 2665 1873 2749 spgtz'bac‘sst'l’tmffigesogztztc{dgooggffloffffismsrz

152 2750 333 2776 contentum
348 2747 406 2777 sub
420 2747 616 2790 longitudine
631 2750 784 2790 descripta
798 2752 831 2782 in
845 2758 992 2794 tangente
1037 2750 1059 2780 S
1070 2751 1113 2787 N,
1132 2751 1154 2781 S
1168 2752 1206 2788 P,
1222 2758 1313 2782 erunt
1324 2754 1416 2783 etiam
1427 2751 1618 2782 arithmetice
1633 2751 1874 2791 proportionales

152 2792 184 2816 et
198 2787 279 2817 recta
297 2788 319 2818 S
339 2802 373 2828 μ,
397 2790 436 2820 ad
458 2793 592 2830 spatium
608 2800 788 2824 contentum
804 2797 862 2826 sub
877 2795 992 2826 chorda
1034 2795 1277 2832 quamproximt'b
1300 2794 1333 2824 id
1347 2802 1393 2826 est
1412 2795 1439 2824 N
1457 2794 1494 2830 Ρ,
1510 2794 1682 2834 aequabiffl‘
1702 2807 1726 2833 μ
1743 2794 1787 2835 Ν)
1809 2794 1873 2825 ὅῑνθ

154 2829 187 2858 A
205 2829 242 2866 C,
258 2835 290 2860 et
302 2829 386 2860 rectfi
410 2832 432 2862 S
449 2833 497 2870 M,
520 2841 556 2865 ut
574 2835 596 2865 S
611 2836 651 2865 M
667 2836 710 2878 -ξ-
729 2837 768 2867 Μ
785 2838 818 2868 N
839 2838 879 2868 ad
903 2839 925 2869 S
942 2839 991 2875 M,
1034 2836 1138 2867 trienti
1158 2837 1255 2877 ipsius
1278 2837 1295 2868 1
1310 2851 1344 2877 μ,
1367 2836 1500 2877 ide6que
1520 2851 1545 2876 μ
1563 2837 1600 2873 Ρ,
1616 2836 1743 2877 aequalis
1761 2847 1872 2878 quam-

151 2871 210 2901 hoc
224 2878 278 2907 est,
293 2878 328 2902 ut
345 2873 367 2903 S
386 2873 412 2902 N
429 2875 468 2904 ad
486 2876 508 2906 S
525 2877 563 2907 M
573 2890 581 2908 x
610 2878 703 2909 Unde
718 2879 742 2908 si
759 2879 922 2920 longitudo
931 2881 991 2912 *de-
1112 2905 1120 2912 .
1161 2905 1171 2916 .
1207 2885 1226 2909 ‘2
1253 2907 1261 2914 .
1301 2907 1309 2913 .
1597 2905 1608 2916 x
1817 2898 1820 2899 ⁷

122 2945 126 2948 .
153 2914 265 2952 scripta
286 2915 318 2944 in
341 2921 487 2956 tangente
508 2918 629 2950 dicatur
653 2921 692 2957 L,
715 2922 773 2952 erit
789 2923 817 2952 L
839 2926 874 2960 Χ
895 2924 917 2954 S
930 2938 956 2963 μ
978 2936 986 2954 2
1033 2915 1174 2943 pmxnne
1195 2925 1237 2964 '3—
1252 2917 1348 2946 ¹p⁵¹us
1376 2908 1393 2938 I
1419 2920 1454 2948 μ’
1503 2907 1609 2942 Quare
1629 2905 1872 2956 patet‘COtdra'

100 2977 106 2981 Δ
155 2957 185 2986 A
205 2957 230 2987 C
248 2959 283 2994 ><
312 2957 334 2987 S
352 2958 388 2987 M
403 2971 449 2987 =
469 2960 490 2990 S
504 2961 535 2991 N
552 2974 559 2991 ε
582 2963 663 2998 SM,
681 2962 813 3004 ide6que
828 2965 992 3005 longitudo
1034 2974 1126 3005 rium,

151 2997 304 3039 descripta
325 2999 357 3028 in
379 3006 526 3041 tangente
547 3005 604 3035 erit
618 3005 658 3035 ad
673 3007 820 3038 chordam
844 3007 875 3037 A
894 3009 932 3045 C,
957 3015 991 3039 ut
1078 3017 1118 3057 (ι)
1143 3020 1161 3038 ι
1186 3021 1250 3050 Pe„
1274 3022 1367 3051 Cord-
1388 3025 1416 3052 9·
1444 3023 1541 3060 propg
1559 3021 1619 3051 IV.
1645 3021 1714 3051 Lib,
1734 3021 1763 3051 Ῑ,
1813 3018 1875 3049 vel

151 3040 222 3091 ΞΞῙ
232 3067 279 3098 ad
302 3042 375 3091 Q
401 3062 460 3100 hbe
473 3077 528 3109 est,
544 3078 582 3103 ut
598 3074 620 3105 s
633 3074 666 3104 N
679 3075 721 3106 ad
738 3076 759 3106 S
772 3090 807 3116 μ.
1033 3069 1089 3098 per
1102 3070 1190 3092 num.
1210 3066 1282 3093 201.
1302 3063 1440 3102 ejusdem
1459 3064 1528 3093 Lib.

155 3094 177 3124 S
198 3107 223 3132 μ’
302 3092 384 3126 SM,
1077 3102 1132 3144 (¹¹¹)
1157 3106 1173 3123 ⁸*
1202 3104 1291 3136 Unde
1313 3105 1384 3136 crim
1401 3108 1527 3145 pondus
1548 3112 1680 3137 cometae.
1731 3105 1874 3137 Gravitas

195 3135 236 3177 (¹)
260 3139 278 3156 ¹*
301 3139 486 3179 Longitudo.
535 3141 620 3172 Nam
644 3142 856 3186 longitudines
880 3146 990 3178 iisdem
1033 3146 1228 3178 acceleratrix
1254 3154 1383 3179 cometae
1408 3158 1513 3179 versus
1539 3149 1643 3180 Solem
1669 3150 1702 3179 in
1728 3147 1875 3179 distantiis

975 3202 1045 3233 K4
