2072 3522
221 247 302 285 184
624 235 1082 284 PHILOSOPHIAE
1111 238 1478 282 NATURALIS
1519 239 1619 291 [Dr.
1629 238 1957 281 Mmflnn.

219 360 380 394 motum
413 352 532 393 illum
564 353 699 407 capita
734 366 900 407 semper
931 349 1239 393 confitebuntur
1273 358 1314 392 et
1341 350 1391 391 iis
1417 350 1625 393 liberrime
1653 350 1939 393 adhaerebunt.

224 424 420 467 Gravitas
441 424 553 465 enim
571 437 774 479 vaporum
793 424 838 464 in
861 422 1002 465 Solem
1020 409 1107 463 non
1125 423 1258 479 magis
1279 422 1427 463 efficiet
1446 429 1494 463 ut
1512 421 1653 464 caudae
1671 430 1816 477 postea
1829 421 1940 463 deci-

221 495 325 538 dant
353 511 378 537 a
408 494 611 550 capitibus
644 495 784 536 Solem
804 508 960 544 versus,
990 507 1118 550 quam
1139 492 1318 571 gravitas
1339 492 1522 548 capitum
1541 490 1701 534 efficere
1718 492 1863 547 possit,
1893 499 1942 533 ut

218 566 313 608 haec
342 565 537 607 decidant
564 580 590 606 a
618 564 803 608 caudis.
836 563 1062 605 Communi
1087 563 1289 620 gravitate
1309 563 1375 604 vel
1402 559 1561 622 simul
1550 577 1594 603 m
1617 562 1757 604 Solem
1777 562 1939 614 cadent,

220 637 288 682 vel
308 636 461 679 simul'
450 650 494 677 in
514 650 689 677 ascensu
708 645 799 691 suos
800 614 1151 684 retardabantur
1171 633 1350 690 ideoque
1367 633 1547 690 gravitas
1566 632 1637 673 illa
1650 646 1736 674 non
1754 633 1940 690 impedit,

222 708 307 766 quo
336 706 474 750 minus
505 707 650 749 caudae
679 714 723 750 et
750 705 888 762 capita
916 706 1166 762 positionem
1185 720 1475 763 quamcunque
1495 705 1579 747 ad
1568 706 1743 748 mvicem
1763 721 1790 747 a
1807 706 1942 748 causis

215 782 305 837 jam
334 779 564 835 descriptis,
596 787 670 822 aut
697 778 787 820 aliis
817 778 1137 835 quibuscunque
1155 777 1348 820 facillime
1370 777 1576 833 accipiant
1594 784 1636 819 et
1653 785 1799 832 postea
1816 776 1942 820 liber-

220 852 327 895 rime
348 861 524 895 servent.
1662 884 1683 902 s
1939 842 1943 849 ἱ

205 911 210 916 .
284 927 443 969 Caudae
473 926 615 982 igitur,
654 939 749 981 quae
782 925 827 966 in
859 933 1116 967 cometarum
1153 925 1364 979 periheliis
1397 932 1638 976 nascuntur,
1674 925 1719 966 in
1751 924 1943 982 regiones

220 1000 479 1057 longinquas.
501 1013 597 1040 cum
627 1012 773 1039 eorum
803 998 1006 1054 capitibus
1027 997 1212 1048 abibunt,
1235 1005 1276 1039 et
1295 997 1361 1038 vel
1389 997 1487 1039 inde
1506 1005 1603 1053 post
1624 995 1794 1054 longam
1813 1011 1944 1040 anno-

221 1087 315 1114 rum
336 1072 486 1115 seriem
507 1085 603 1112 cum
623 1069 771 1127 iisdem
789 1069 845 1111 ad
864 1084 941 1112 nos
962 1069 1179 1125 redibunt,
1193 1069 1260 1110 vel
1278 1067 1416 1124 potius
1436 1069 1495 1110 ibi
1514 1069 1727 1111 rarefactae
1745 1069 1945 1125 paulatim

221 1155 480 1190 evanescent.
532 1145 646 1187 Nam
678 1154 825 1200 postea
856 1145 900 1186 in
931 1144 1134 1191 descensu
1168 1143 1352 1198 capitum
1387 1141 1442 1183 ad
1468 1142 1618 1194 vSolem
1650 1142 1794 1184 caudae
1825 1157 1946 1185 novae

219 1217 494 1259 breviusculae
513 1216 628 1258 lento
642 1223 761 1257 motu
780 1231 806 1257 a
826 1215 1029 1271 capitibus
1049 1213 1275 1271 propagari
1291 1213 1516 1263 debebunt,
1531 1220 1574 1254 et
1588 1212 1763 1254 subinde
1778 1213 1821 1254 in
1835 1214 1947 1269 peri-

219 1290 341 1333 heliis
371 1298 625 1332 cometarum
654 1289 835 1341 illorum,
869 1289 1024 1346 qui—ad
1054 1304 1185 1346 usque
1204 1287 1526 1343 atmosphaeram
1548 1287 1656 1329 Solis
1675 1288 1944 1340 descendent,
1970 1293 1987 1306 ⁸

221 1365 265 1406 in
295 1365 546 1406 immensum
575 1363 731 1420 augeri.
791 1363 938 1419 Vapor
972 1363 1084 1405 enim
1117 1363 1161 1404 in
1195 1361 1337 1418 spatiis
1370 1361 1452 1403 illis
1491 1361 1712 1403 liberrimis
1743 1362 1946 1418 perpetuo

221 1437 395 1478 rarescit
423 1451 472 1478 ac
502 1436 711 1478 dilatatur.
773 1435 869 1485 Qua
899 1436 1060 1477 ratione
1087 1435 1137 1477 fit
1164 1443 1212 1479 ut
1242 1434 1374 1477 cauda
1403 1435 1537 1477 omnis
1564 1435 1618 1476 ad
1645 1436 1947 1478 extremitatem

221 1509 479 1564 superiorem
510 1509 633 1550 latior
662 1509 715 1550 sit
745 1507 868 1565 quam
893 1510 1014 1564 juxta
1042 1516 1167 1564 caput
1186 1516 1372 1550 cometae.
1434 1506 1497 1550 Ea
1518 1518 1656 1550 autem
1677 1508 1964 1557 rarefactione,

222 1597 421 1637 vaporem
449 1582 653 1638 perpetuo
682 1582 900 1625 dilatatum
921 1582 1099 1624 diffundi
1128 1581 1297 1624 tandem
1316 1590 1358 1624 et
1378 1581 1519 1639 spargi
1537 1596 1613 1637 per
1632 1581 1760 1624 coelos
1780 1582 1947 1625 univer-

221 1669 303 1704 sos,
337 1653 490 1696 deinde
518 1654 720 1710 paulatim
749 1654 794 1695 in
822 1654 1009 1709 planetas
1039 1668 1115 1709 per
1144 1653 1391 1710 gravitatem
1425 1667 1543 1694 suam
1575 1652 1741 1703 attrahi,
1772 1660 1816 1694 et
1848 1667 1946 1696 cum

222 1741 369 1768 eorum
390 1727 679 1782 atmosphaeris
699 1726 877 1776 misceri,
908 1725 1062 1767 rationi
1091 1732 1415 1766 consentaneum
1434 1722 1611 1766 videtur.
1673 1724 1784 1765 Nam
1804 1739 1948 1780 quem-

221 1796 450 1838 admodum
479 1798 611 1839 maria
646 1798 701 1839 ad
735 1798 1070 1839 constitutionem
1102 1797 1251 1839 Terrae
1288 1796 1411 1853 hujus
1451 1796 1623 1838 omnino
1663 1797 1945 1853 requiruntur,

227 1870 357 1926 idque
387 1878 434 1912 ut
460 1883 517 1912 ex
544 1871 594 1912 iis
623 1886 700 1926 per
728 1870 908 1912 calorem
940 1870 1048 1912 Solis
1077 1883 1250 1924 vapores
1281 1868 1448 1923 copiose
1479 1869 1576 1910 satis
1596 1869 1843 1919 excitentur,
1874 1870 1948 1926 qui

222 1942 290 1984 vel
310 1943 354 1983 in
374 1943 508 1984 nubes
529 1943 661 1984 coacti
681 1943 881 1984 decidant.
903 1942 950 1983 in
975 1941 1140 1997 pluviis,
1166 1950 1210 1984 et
1235 1941 1415 1983 Terram
1434 1934 1602 1983 ornnem
1622 1941 1676 1983 ad
1694 1942 1948 1997 procreatio-

222 2033 320 2059 nem
339 2017 636 2075 vegetabilium
666 2018 842 2075 irrigent
862 2024 904 2059 et
922 2016 1132 2066 nutriant3
1161 2015 1228 2058 vel
1256 2015 1300 2056 in
1321 2014 1482 2072 frigidis
1501 2015 1707 2057 montium
1726 2015 1947 2057 verticibus

224 2089 466 2131 condensati
488 2092 502 2144 (
526 2089 577 2144 (ἕ)
599 2097 646 2131 ut
666 2089 794 2145 aliqui
814 2104 911 2131 cum
929 2089 1091 2131 ratione
1109 2087 1477 2144 philosophantur)
1507 2087 1731 2129 decurrant
1749 2087 1794 2128 in
1813 2087 1947 2130 fontes

225 2170 267 2204 et
285 2162 480 2204 flumina:
504 2162 562 2203 sic
583 2162 637 2203 ad
658 2162 1014 2213 conservationem
1032 2160 1212 2203 marium
1233 2168 1274 2203 et
1293 2160 1519 2202 humorum
1538 2159 1580 2201 in
1602 2158 1777 2215 planetis
1791 2159 1948 2216 requiri

224 2234 419 2276 videntur
452 2241 638 2284 cometae,
677 2248 732 2277 ex
762 2248 942 2291 quorum
974 2233 1306 2275 exhalationibus
1319 2261 1326 2270 ι
1340 2240 1382 2274 et
1413 2231 1635 2288 vaporibus
1670 2231 1945 2283 condensatis,

224 2304 422 2360 quicquid
455 2304 627 2360 liquoris
660 2319 737 2359 per
768 2304 1072 2362 vegetationem
1105 2312 1147 2345 et
1181 2302 1527 2358 putrefactionem
1556 2301 1813 2344 consumitur
1838 2309 1881 2350 et
1903 2301 1948 2344 in

226 2375 405 2417 Terram
437 2375 596 2417 aridam
627 2375 896 2426 convertitur,
939 2373 1137 2417 continuo
1173 2373 1357 2430 suppleri
1387 2381 1428 2416 et
1458 2373 1573 2415 refici
1610 2373 1754 2428 possit.
1795 2414 1800 2419 ,
1834 2372 1947 2415 Nam

224 2448 469 2506 vegetabilia
491 2449 630 2490 omnia
649 2463 703 2491 ex
721 2449 952 2506 liquoribus
973 2448 1144 2490 omnino
1165 2456 1368 2499 crescunt,
1401 2447 1497 2489 dein
1520 2447 1673 2505 magna
1693 2459 1747 2489 ex
1765 2454 1883 2503 parte
1902 2447 1946 2491 in

230 2520 411 2562 Terram
432 2520 592 2562 aridam
611 2534 687 2575 per
706 2519 1051 2576 putrefactionem
1072 2520 1239 2571 abeunt,
1273 2528 1314 2562 et
1336 2519 1458 2561 limus
1480 2533 1533 2561 ex
1556 2518 1785 2575 liquoribus
1803 2525 1947 2574 putre--

224 2593 343 2636 factis
372 2593 577 2650 perpetuo
607 2594 774 2636 decidit.
837 2594 956 2636 Hinc
984 2594 1115 2636 moles
1147 2594 1295 2636 Terrae
1325 2593 1453 2635 aridae
1487 2592 1531 2633 in
1559 2591 1646 2633 dies
1675 2598 1864 2648 augetur,
1905 2599 1946 2635 et
1987 2630 1990 2634 Α

222 2667 418 2724 liquores,
441 2667 522 2709 nisi
543 2666 710 2709 aliunde
731 2674 1003 2724 augmentum
1019 2675 1241 2717 sumerent,
1258 2664 1461 2722 perpetuo
1477 2663 1715 2706 decrescere
1730 2662 1943 2716 deberent,

231 2755 280 2781 ac
299 2740 469 2782 tandem
489 2740 680 2782 deficere.
734 2738 869 2782 Porro
891 2740 1078 2795 suspicor
1100 2739 1291 2810 spiritum
1318 2732 1449 2788 illum,
1481 2736 1552 2793 qui
1573 2736 1678 2778 ae'ris
1698 2736 1829 2778 nostri
1847 2750 1945 2792 pars

170 2818 175 2823 '
223 2812 397 2854 minima
416 2819 492 2863 est,
515 2812 589 2854 sed
608 2812 874 2854 subtilissima
894 2819 934 2853 et
956 2812 1125 2868 optima,
1156 2820 1198 2854 et
1217 2811 1270 2854 ad
1290 2826 1431 2854 rerum
1449 2809 1636 2853 omnium
1657 2809 1782 2852 vitam
1805 2808 1945 2867 requi-

221 2883 341 2935 ritur,
364 2899 417 2926 eX
438 2885 607 2927 cometls
627 2883 837 2940 praeClpue'
857 2875 1010 2927 venire·

267 3011 314 3053 (Β)
339 3014 356 3032 ⁴*
380 3013 420 3044 Ut
446 3000 542 3055 aliquz
566 3024 640 3045 cum
666 3014 783 3044 ratione
803 3014 1064 3052 philosophantur.
1108 3013 1266 3044 Transact.
1295 3011 1471 3050 Philosoph.
1498 3021 1547 3042 an.
1568 3010 1886 3045 1687.1694.1⁷29.
1910 3014 1943 3041 et

226 3054 392 3085 Horumce
405 3056 661 3095 philosophorum
677 3056 811 3086 rationes
821 3055 922 3086 videre
934 3062 980 3085 est
994 3065 1063 3094 pas-
1107 3055 1254 3087 Monum-
1275 3053 1373 3086 Acad.
1395 3054 1492 3085 Pau-is.
1509 3057 1672 3086 aii-1703.

223 3096 284 3128 nim
306 3096 391 3137 apud
415 3107 523 3129 omnes
537 3098 683 3130 cultiores
702 3098 852 3139 physicos.
902 3097 1064 3139 Legamur
