2072 3522
185 276 264 312 112
581 266 1030 310 PHILOSOPHIAE
1052 265 1421 308 NATURALIS
1479 262 1574 318 [DE
1589 265 1751 307 Mum).
1767 263 1889 307 Sira-r.

107 412 119 427 .
182 385 379 440 spectant,
413 384 485 424 ubi
504 397 611 439 aqua
631 382 719 424 sine
738 382 895 436 impetu
915 379 1108 422 effluendi
1141 388 1182 422 et
1215 379 1425 422 remeandi
1445 380 1576 421 attolli
1607 388 1649 421 et
1680 379 1892 422 subsidere

182 464 331 512 potest,
354 455 597 512 magnitudo
617 454 740 496 aestfis
761 453 984 508 respondet
1003 452 1168 494 viribus*
1183 452 1289 494 Solis
1312 460 1353 494 et
1373 452 1520 493 Lunae.

245 530 374 570 Corol.
397 526 436 569 2.
471 527 580 570 Cum
599 527 658 568 vis
680 527 815 568 Lunae
835 525 889 566 ad
907 540 1022 567 mare
1041 525 1295 568 movendum
1314 525 1366 566 sit
1386 525 1439 565 ad
1458 525 1547 571 vim(
1561 524 1770 581 gravitatis
1799 531 1846 565 ut
1868 528 1888 564 1

186 600 237 642 ad
268 603 479 649 2871400,
514 598 779 653 perspicuum
799 603 860 637 est
879 595 993 652 quod
1012 595 1071 636 vis
1091 594 1162 636 illa
1191 595 1242 636 sit
1274 593 1396 651 longe
1416 594 1552 634 minor
1573 592 1695 649 quam
1714 609 1808 650 quae
1828 593 1894 635 vel

184 672 228 712 in
248 671 537 726 experimentis
552 669 842 725 pendulorum,
865 668 931 710 vel
950 668 994 708 in
1014 667 1167 710 staticis
1187 674 1258 708 aut
1275 666 1563 723 hydrostaticis
1582 666 1894 722 quibuscunque

186 744 327 786 sentiri
346 744 487 798 possit.
549 741 598 797 (k)
633 742 685 783 In
703 749 807 783 aestu
827 741 916 782 solo
937 740 1099 782 marino
1118 740 1210 781 haec
1229 739 1290 781 vis
1311 740 1544 782 sensibilem
1566 739 1650 780 edit
1671 739 1874 780 effectum.

246 817 381 858 Corol.
399 800 455 858 3.⁴
500 814 709 865 Quoniam
743 814 803 855 vis
840 813 985 854 Lunae'
1008 813 1060 854 ad
1095 827 1210 854 mare
1230 811 1479 853 movendum
1502 819 1564 853 est
1595 811 1650 852 ad
1684 810 1790 852 Solis
1810 810 1895 852 vim

189 891 443 932 consimilem
473 885 529 933 ut*
548 896 702 932 4.4815
735 890 788 931 ad
821 895 858 939 1,
890 897 931 930 et
959 889 1065 930 vires
1094 888 1177 929 illae
1208 890 1300 943 (per
1323 886 1463 928 Corol.
1489 892 1555 928 14.
1579 886 1705 940 Prop.
1727 885 1894 930 LXIV.

188 962 282 1005 Lib.
306 963 359 1015 I.)
396 971 491 1004 sunt
510 970 557 1004 ut
576 962 796 1003 densitates
817 975 1040 1016 corporum
1062 961 1195 1002 Lunae
1230 968 1271 1001 et
1303 959 1409 1001 Solis
1430 967 1471 1000 et
1490 959 1585 1000 cubi
1603 958 1897 1005 diametrorum

189 1035 473 1090 apparentium
513 1035 789 1090 conjunctim3
832 1034 1011 1075 densitas
1047 1034 1182 1075 Lunae
1216 1033 1294 1074 erit
1332 1032 1385 1073 ad
1424 1030 1671 1073 densitatem
1705 1030 1812 1072 Solis
1851 1036 1899 1070 ut

188 1111 342 1148 4.4815
379 1107 432 1147 ad
465 1111 480 1146 l
520 1104 686 1155 directe,
721 1112 762 1146 et
795 1104 924 1145 cubus
945 1103 1134 1145 diametri
1154 1103 1288 1144 Lunae
1321 1102 1374 1143 ad
1407 1102 1559 1143 cubum
1579 1100 1769 1142 diametri
1792 1099 1899 1142 Solis

187 1177 370 1219 inverse:
401 1178 444 1219 id
479 1187 540 1219 est
575 1177 687 1233 (cum
707 1177 895 1217 diametri
914 1175 1143 1217 mediocres
1165 1182 1408 1230 apparentes
1430 1174 1564 1215 Lunae
1599 1181 1641 1215 et
1678 1173 1787 1214 Solis
1818 1172 1900 1213 sint

189 1249 269 1289 31'.
295 1248 414 1300 163⁰.
435 1255 476 1288 et
498 1248 577 1288 32‘.
603 1246 712 1298 12¹2)
746 1253 793 1286 ut
827 1251 934 1287 4891
960 1245 1013 1285 ad
1037 1251 1159 1286 1000.
1219 1243 1261 1299 (¹)
1293 1243 1487 1285 Densitas
1523 1251 1659 1284 autem
1684 1242 1792 1284 Solis
1813 1249 1902 1283 erat

188 1317 242 1359 ad
276 1317 519 1359 densitatem
540 1317 685 1358 Terrae
720 1323 766 1356 ut
801 1320 910 1356 1000
931 1315 985 1355 ad
1005 1321 1144 1364 40003
1175 1322 1216 1355 et
1243 1322 1462 1368 propterea
1482 1313 1661 1354 densitas
1684 1312 1819 1353 Lunae
1840 1321 1902 1354 est

188 1387 242 1428 ad
275 1387 517 1427 densitatem
538 1385 685 1427 Terrae
714 1392 761 1425 ut
790 1390 896 1426 4891
933 1383 987 1424 ad
1016 1390 1129 1425 4000
1150 1398 1222 1424 seu
1246 1388 1293 1423 11
1320 1383 1374 1423 ad
1394 1389 1433 1424 9.
1491 1382 1586 1423 'Est
1605 1382 1732 1438 igitur
1752 1396 1902 1437 corpus

189 1457 324 1500 Lunae
344 1456 509 1497 densius
528 1454 571 1497 et
589 1454 721 1511 magis
741 1462 932 1495 terrestre
953 1452 1075 1510 quam
1097 1453 1233 1495 Terra
1251 1460 1403 1493 nostra.

249 1529 378 1570 Corol.
401 1533 440 1568 4«.
488 1527 544 1568 Et
564 1525 659 1568 cum
678 1540 776 1567 vera
796 1525 994 1565 diameter
1015 1524 1149 1565 Lunae
1170 1537 1224 1564 ex
1242 1521 1596 1564 observationibus
1617 1523 1903 1564 astronomicis

192 1598 245 1639 sit
278 1597 331 1638 ad
358 1596 500 1638 veram
530 1596 775 1638 diametrum
808 1595 954 1636 Terrae
982 1602 1029 1635 ut
1066 1599 1146 1634 100
1181 1594 1236 1635 ad
1272 1599 1352 1635 365
1365 1609 1377 1643 ;
1408 1593 1486 1634 erit
1517 1608 1653 1634 massa
1684 1593 1820 1635 Lunae
1849 1594 1904 1636 ad

191 1683 370 1711 massam
391 1669 536 1710 Terrae
557 1677 603 1709 ut
626 1674 643 1709 1
671 1667 725 1708 ad
746 1671 842 1711 39.7
847 1673 913 1708 88.

253 1741 382 1781 Corol.
406 1744 445 1781 5.
507 1740 568 1791 (¹¹¹)
606 1739 661 1780 Et
694 1738 872 1794 gravitas
905 1737 1170 1778 acceleratrix
1201 1738 1245 1778 in
1277 1737 1493 1795 superficie
1514 1738 1648 1779 Lunae
1680 1739 1758 1780 erit
1788 1738 1904 1794 quasi

193 1811 316 1867 triplo
335 1805 472 1852 minor
491 1807 615 1867 quam
634 1810 812 1866 gravitas
833 1810 1099 1850 acceleratrix
1118 1811 1160 1850 in
1182 1810 1399 1865 superficie
1421 1811 1580 1852 Terrae.

253 1883 382 1924 Corol.
408 1888 447 1923 6.
509 1881 560 1936 (¹¹)
593 1880 649 1921 Et
668 1880 861 1921 distantia
881 1880 1011 1922 centri
1032 1880 1167 1922 Lunae
1187 1896 1212 1921 a
1230 1888 1372 1922 centro
1394 1881 1540 1922 Terrae
1560 1882 1638 1922 erit
1665 1882 1718 1923 ad
1747 1882 1901 1923 distan-

194 1953 293 2005 tiam
313 1952 443 1993 centri
465 1951 598 1993 Lunae
619 1966 644 1991 a
663 1951 872 1992 communi
891 1951 1102 2008 gravitatis
1122 1959 1264 1992 centro
1285 1951 1431 1992 Terrae
1451 1959 1493 1993 et
1512 1951 1660 2003 Lunae,
1681 1959 1728 1994 ut
1747 1958 1901 1997 4o.788

195 2026 248 2067 ad
269 2030 364 2070 39.7
369 2032 436 2068 88.

192 2148 196 2163 1
255 2099 303 2153 (⁰)
342 2100 472 2140 Corol.
509 2103 547 2143 7.
610 2099 666 2140 Et
693 2098 911 2140 mediocris
932 2099 1125 2141 distantia
1145 2100 1273 2141 centri
1296 2099 1429 2141 Lunae
1463 2114 1489 2141 a
1522 2105 1664 2140 centro
1685 2097 1832 2140 Terrae
1861 2096 1905 2136 in

199 2171 430 2212 octantibus
452 2171 586 2213 Lunae
619 2171 697 2212 erit
725 2172 1140 2213 semi-diametrorum
1168 2172 1442 2213 maximarum
1472 2171 1618 2213 Terrae
1649 2169 1732 2223 60}
1762 2182 1905 2225 quam-

197 2240 397 2298 proxime.
459 2240 570 2282 Nam
599 2241 746 2283 Terrae
776 2242 1098 2284 semi-diameter
1115 2243 1296 2284 maxima-
1326 2242 1403 2284 suit
1436 2242 1590 2297 pedum
1613 2239 1905 2282 Parisiensium

204 2318 439 2362 19658600,
470 2320 512 2354 et
532 2313 750 2354 mediocris
781 2313 975 2355 distantia
1003 2322 1239 2355 centrorum
1261 2314 1406 2354 Terrae
1436 2321 1476 2354 et
1506 2313 1653 2362 Lunae,
1683 2325 1736 2352 ex
1763 2310 1905 2366 hujus-

199 2383 313 2424 modi
334 2383 541 2424 diametris
562 2383 644 2437 60}
668 2391 871 2434 constans,
903 2384 1070 2440 aequalis
1099 2392 1161 2425 est
1188 2383 1362 2438 pedibus
1387 2387 1680 2427 1187379440.
1740 2380 1796 2422 Et
1813 2380 1905 2421 haec

247 2493 294 2536 (θ)
312 2497 329 2515 ¹*
343 2497 386 2527 In
400 2501 477 2527 aestu
491 2496 550 2526 solo
565 2497 693 2527 marino.
741 2495 807 2526 Hae
821 2494 944 2535 quidem
956 2494 1034 2525 vires
1119 2493 1158 2536 (¹)
1187 2498 1203 2515 *⁸
1221 2497 1365 2527 Densitas
1389 2501 1493 2527 aulem
1518 2496 1601 2527 Solis.
1650 2493 1738 2535 (Cor.
1757 2497 1788 2524 3.
1810 2492 1902 2533 Prop.

203 2536 243 2567 ad
257 2537 443 2567 movendum
459 2547 543 2568 mure
558 2537 726 2575 sufficiunt,
749 2537 802 2568 sed
816 2537 891 2567 alios
906 2537 1033 2567 effectus
1078 2537 1182 2568 V111.
1202 2538 1271 2568 Lib.
1290 2539 1391 2578 htjus.
1397 2538 1410 2578 )

204 2579 359 2610 sensibiles
373 2580 542 2626 producere
557 2590 620 2610 non
635 2586 770 2619 possunt.
819 2579 945 2610 Etenim
961 2589 1031 2618 gra-

203 2631 280 2651 num
295 2632 394 2651 unum
410 2632 481 2652 cum
504 2621 639 2660 pondere
653 2631 819 2662 granorum
835 2625 919 2652 4000
940 2622 1032 2651 etiam
1120 2620 1173 2662 (¹¹¹)
1192 2623 1208 2641 *
1228 2623 1271 2652 Et
1283 2627 1417 2661 gravatas
1431 2621 1631 2652 acceleratriae.
1681 2619 1763 2650 Nam
1775 2619 1907 2660 gravitas

204 2663 430 2694 accuratissima
440 2662 517 2694 libra
528 2670 738 2702 comparatum
750 2663 913 2694 sentirivix
924 2669 1033 2702 potest,
1078 2663 1271 2694 acceleratrix
1293 2670 1338 2694 est
1360 2670 1396 2694 ut
1416 2673 1514 2694 massa
1536 2661 1649 2692 directe
1671 2669 1702 2692 et
1722 2661 1898 2701 quadratun·

205 2706 251 2736 vis
271 2712 374 2736 autem
390 2706 496 2736 solaris
516 2712 562 2736 est
582 2706 622 2737 ad
644 2706 704 2736 vim
720 2705 874 2746 gravitatis
896 2712 932 2736 ut
957 2710 969 2736 l
995 2705 1034 2736 ad
1077 2705 1229 2736 distantiae
1243 2717 1261 2735 a
1275 2713 1388 2741 centro,
1401 2706 1458 2735 hoc
1473 2711 1527 2740 est,
1543 2705 1630 2734 semi·
1634 2704 1773 2735 diametri
1790 2703 1907 2734 inverse

209 2751 385 2784 12868200,
408 2759 590 2788 summaque
605 2747 714 2778 virium
733 2747 812 2779 Solis
827 2754 857 2778 et
873 2748 974 2778 Lunae
989 2754 1035 2778 est
1079 2748 1166 2788 (Cor.
1189 2750 1216 2777 1.
1238 2748 1329 2787 Prop-
1348 2747 1494 2777 LXXV.
1514 2747 1581 2776 Iib.
1598 2746 1626 2776 1
1631 2746 1643 2784 )
1682 2744 1821 2785 Ideoque
1835 2754 1905 2786 grn-

205 2790 245 2820 ad
274 2790 403 2821 eandem
431 2791 493 2820 vim
520 2790 675 2831 gravitatis
702 2796 738 2820 ut
766 2794 778 2820 1
807 2790 847 2821 ad
873 2794 1029 2823 2032890.
1077 2791 1156 2820 vitas
1169 2789 1386 2821 accelerati-ix·
1377 2799 1409 2818 m
1424 2788 1584 2828 superficie
1601 2789 1702 2819 Lunae
1723 2795 1767 2818 est
1781 2787 1822 2818 nd
1835 2797 1905 2828 gm-

210 2832 316 2866 Quare
339 2839 420 2871 patet
442 2833 518 2863 vires
533 2833 606 2867 illas,
631 2831 702 2862 licet
722 2832 909 2872 conjunctas,
934 2831 1034 2863 multo
1077 2832 1202 2862 vitatem
1231 2831 1470 2862 acceleratricem
1493 2831 1524 2860 in
1547 2830 1707 2869 superficie
1737 2831 1841 2861 Terrae
1869 2836 1906 2860 ut

206 2873 339 2905 minores
360 2885 424 2905 esse
444 2885 539 2914 quam
554 2881 590 2905 ut
604 2874 725 2914 pondus
745 2875 879 2913 corporis
901 2875 1035 2923 cujusvis
1079 2877 1092 2903 1
1112 2879 1144 2911 ><
1163 2877 1274 2904 15524.
1289 2873 1328 2904 ad
1344 2878 1393 2905 89
1400 2876 1460 2904 788
1478 2877 1511 2910 ><
1533 2876 1623 2917 1000,
1647 2874 1706 2903 hoe
1718 2878 1820 2910 emm.
1833 2875 1847 2902 1
1864 2871 1905 2902 ιὰ

206 2914 239 2944 in
263 2916 340 2946 libra
354 2918 478 2955 appensi
493 2917 673 2947 sensibiliter
694 2926 806 2956 augere
827 2917 873 2946 vel
895 2918 1035 2947 minuere
1077 2920 1098 2947 5
1113 2916 1240 2946 circiter·

198 2958 331 2995 ‘po-ssim.
369 2959 461 2989 Unde
472 2969 528 2990 nec
542 2959 575 2988 in
591 2958 804 2998 experimentis
815 2958 1032 2997 pendulorum,

207 2999 458 3035 betonicam-um,
483 3001 531 3031 vel
553 3002 585 3030 in
608 3000 721 3031 statio-is
745 3006 799 3031 aut
825 3000 1035 3039 hydrostaticis
1121 3002 1153 3044 (¹²
1157 3002 1169 3042 )
1187 3004 1203 3022 0
1218 3003 1261 3033 Ee
1277 3003 1418 3032 distantia
1433 3003 1531 3033 centri
1542 3003 1657 3033 Lunae·
1675 3003 1742 3043 (61·
1755 3000 1824 3031 Lib.
1841 2997 1891 3039 1.)

208 3041 364 3070 sensibihs
392 3043 483 3072 edent
511 3043 647 3073 effectus.
708 3042 796 3073 Idem
829 3043 1034 3073 Corollarium

208 3082 363 3123 eleganter
374 3083 591 3115 demonstravit
605 3084 718 3115 clariss.
734 3084 868 3115 Eulerus
879 3094 967 3115 num.
979 3089 1031 3116 30.
1123 3084 1167 3126 (⁰)
1186 3087 1202 3103 ⁶
1217 3086 1309 3116 carol.
1320 3087 1347 3115 7.
1380 3086 1570 3125 Computum
1586 3085 1694 3115 eodem
1707 3084 1797 3124 plane
1811 3084 1906 3116 modo

211 3125 439 3155 Dissertationis
453 3127 492 3156 de
510 3127 613 3157 Fluxu
628 3133 658 3157 et
677 3126 811 3157 Refluxu
830 3127 935 3157 Maris.
1079 3127 1175 3158 initur
1189 3137 1223 3157 ac
1239 3127 1270 3156 in
1289 3127 1380 3166 Prop.
1404 3128 1465 3158 1v.
1483 3128 1555 3158 Lib·
1571 3128 1673 3162 huius·
