2072 3522
166 263 311 306 mez
333 261 573 313 TER-rius]
634 259 953 302 PRINCIPIA
987 257 1477 301 MATHEMATICA.
1815 263 1867 302 27

159 1176 293 1218 angulus
309 1175 340 1206 A
358 1175 414 1207 Tl
433 1175 533 1224 major
545 1173 603 1205 erit
617 1173 734 1215 angulo
758 1174 789 1204 A
807 1173 837 1203 T
851 1184 893 1210 m,
916 1183 989 1223 pro3
1037 1173 1144 1224 nodus·
1153 1184 1228 1224 orgo
1241 1176 1280 1205 ab
1297 1174 1330 1205 N
1345 1185 1449 1205 versus
1467 1175 1496 1205 A
1520 1174 1552 1205 in
1567 1175 1784 1226 consequentia
1803 1186 1871 1216 pro-

158 1217 252 1250 ducti
275 1219 379 1259 itaque
402 1218 416 1248 l
431 1218 461 1249 T
480 1228 515 1247 m
531 1217 572 1254 V,
598 1216 734 1257 angulus
753 1216 767 1246 l
782 1216 811 1247 Τ
828 1216 860 1246 V
881 1216 991 1256 anguli
1037 1223 1168 1254 cessent,
1184 1225 1289 1258 itaque
1302 1223 1406 1248 motus
1419 1217 1493 1248 nodi
1508 1224 1554 1248 est
1576 1224 1613 1249 ut
1633 1229 1718 1258 prius
1732 1229 1872 1261 progres-

161 1263 192 1293 A
204 1261 255 1294 Τ]
270 1260 532 1301 complementum
546 1258 648 1290 minor
661 1259 720 1290 erit
733 1259 851 1300 ungulo
865 1261 891 1289 A
904 1259 935 1290 T
945 1259 987 1296 N,
1037 1259 1128 1290 sivus.

205 1359 270 1388 Cas.
291 1359 320 1386 2.
369 1354 416 1385 Sit
429 1353 564 1395 angulus
585 1354 619 1385 N
635 1353 666 1384 Τ
682 1353 711 1384 Ρ
731 1353 910 1394 negativu33
933 1354 993 1384 hoc
1034 1353 1131 1394 gulus
1148 1354 1176 1385 A
1196 1354 1251 1385 'rl
1274 1355 1376 1386 minor
1389 1355 1448 1386 erit
1460 1355 1579 1396 angulo
1603 1356 1633 1387 A
1652 1357 1682 1387 T
1699 1357 1742 1394 N,
1770 1357 1871 1389 nodus

158 1404 205 1429 est
229 1398 269 1428 sit
296 1402 451 1436 punctum
482 1397 516 1427 N
543 1396 576 1426 in
605 1396 823 1436 consequentia
852 1402 994 1435 respectu
1036 1406 1111 1437 ergo
1125 1398 1164 1427 ab
1181 1397 1214 1427 N
1228 1408 1334 1428 versus
1350 1398 1382 1429 A
1396 1398 1550 1438 procesit,
1572 1403 1604 1429 et
1617 1405 1722 1431 motus
1735 1400 1810 1430 nodi
1824 1407 1871 1432 δὲ

157 1441 267 1480 puncti
283 1440 321 1475 P,
344 1439 385 1470 sit
406 1438 477 1470 vero
494 1439 528 1475 Ω
543 1439 572 1469 T
590 1439 619 1469 P
641 1438 799 1478 positivus,
822 1438 882 1468 hoc
896 1444 942 1469 est
955 1438 995 1469 sit
1036 1439 1256 1478 progressivus.
1302 1471 1304 1473 ,

157 1489 310 1522 puuctum
329 1482 359 1513 P
379 1482 412 1512 in
427 1481 688 1517 semi-circuloQ
703 1481 735 1511 A
748 1491 770 1522 q
784 1486 815 1512 et
828 1480 941 1520 pariter
955 1480 995 1512 sit
1081 1483 1149 1512 cas.
1161 1485 1192 1512 3.
1231 1482 1278 1512 Sit
1291 1482 1427 1523 angulus
1443 1483 1466 1514 S
1478 1482 1508 1513 T
1518 1483 1551 1513 N
1565 1483 1728 1524 negativus
1741 1484 1871 1523 positivo

1170 1523 1371 1555 existentibus
1385 1524 1509 1566 angulis
1523 1526 1594 1562 QT
1607 1526 1646 1564 P,
1659 1527 1691 1557 N
1704 1527 1734 1558 T
1748 1527 1785 1558 P.
1824 1528 1871 1558 sit

1172 1567 1206 1597 N
1223 1567 1252 1597 P
1265 1566 1368 1597 minor
1381 1567 1560 1607 quadrante,
1583 1569 1872 1609 retroproducendae

1169 1615 1243 1640 sunt
1256 1609 1347 1640 lineae
1363 1609 1393 1640 P
1409 1610 1458 1647 Μ,
1478 1611 1505 1641 P
1520 1611 1550 1642 L
1566 1610 1698 1652 ideoque
1717 1612 1730 1643 1
1752 1612 1810 1643 erit
1823 1623 1871 1643 re-

1169 1652 1282 1682 motior
1295 1663 1315 1683 n
1331 1652 1402 1683 Sole
1415 1652 1508 1693 quzim
1524 1664 1566 1689 m,
1582 1660 1614 1684 et
1627 1654 1764 1695 angulus
1778 1656 1807 1685 A
1820 1655 1871 1686 Tl

1169 1695 1270 1735 major
1283 1694 1340 1725 erit
1350 1693 1445 1735 quem
1457 1698 1487 1726 A
1499 1697 1578 1729 Tm,
1590 1696 1640 1727 vel
1652 1699 1680 1726 A
1697 1697 1727 1728 Τ
1737 1697 1780 1734 N,
1796 1697 1871 1728 cum

1170 1746 1244 1778 ergo
1257 1737 1290 1768 N
1299 1737 1340 1768 sit
1348 1737 1380 1767 in
1389 1738 1607 1779 consequentia
1615 1746 1754 1778 respectu
1763 1739 1871 1779 puncti

1172 1779 1215 1816 A,
1230 1779 1306 1820 quia
1318 1780 1454 1821 angulus
1482 1782 1504 1812 S
1525 1781 1556 1812 T
1579 1781 1613 1812 N
1638 1788 1684 1812 est
1698 1782 1869 1823 negativus

1168 1828 1321 1861 punctum
1343 1823 1353 1852 l
1375 1823 1475 1864 magis
1489 1824 1591 1854 adhuc
1605 1823 1638 1853 in
1653 1825 1872 1865 consequentia

1168 1864 1357 1904 processerit,
1369 1871 1473 1896 motus
1486 1876 1561 1907 ergo
1574 1866 1647 1896 nodi
1660 1867 1717 1897 erit
1730 1877 1870 1908 progres-

1169 1906 1262 1938 sivus.
1310 1907 1357 1938 sit
1369 1907 1402 1938 N
1413 1908 1440 1938 P
1449 1909 1550 1949 major
1559 1909 1739 1949 quadrante,
1752 1917 1870 1940 antror-

1169 1959 1240 1979 sum
1254 1950 1463 1989 producendae
1477 1958 1569 1982 erunt
1583 1951 1673 1982 lineae
1690 1952 1720 1983 P
1735 1953 1784 1988 M,
1800 1952 1828 1982 P
1841 1952 1870 1982 1.

1168 1998 1206 2022 ut
1219 2001 1292 2022 cum
1303 1991 1444 2032 ecliptica
1457 2000 1651 2030 concurrant,
1667 2005 1686 2025 a
1699 2001 1785 2034 parte
1796 1994 1872 2025 nodi

1169 2043 1202 2071 n,
1224 2033 1357 2076 ideoque
1373 2035 1403 2066 1.
1417 2035 1476 2067 erit
1488 2037 1615 2076 propius
1631 2037 1695 2068 Soli
1709 2035 1804 2077 quiam
1826 2047 1868 2072 m.

1168 2082 1200 2107 et
1224 2078 1362 2118 angulus
1389 2078 1420 2108 A
1451 2078 1482 2109 T
1509 2078 1522 2109 1
1546 2079 1648 2110 minor
1672 2079 1730 2110 erit
1752 2079 1871 2120 angulo

1171 2119 1203 2149 A
1221 2119 1308 2169 Txn5
1330 2118 1464 2163 ide6que
1477 2121 1614 2163 angulus
1631 2122 1662 2152 A
1681 2122 1710 2153 T
1728 2122 1757 2151 V
1772 2122 1871 2162 major

154 2270 176 2301 S
193 2266 222 2301 T
245 2270 279 2302 N
299 2269 457 2311 positivus,
479 2271 524 2302 ita
541 2277 578 2302 ut
598 2272 632 2303 N
646 2272 686 2303 sit
706 2271 740 2302 in
759 2272 851 2303 semi.

151 2313 268 2343 circulo
302 2315 332 2344 A
360 2313 393 2349 Q
414 2314 454 2351 B,
484 2314 510 2344 si
540 2315 574 2355 N
605 2315 634 2345 P
664 2314 851 2356 (secundum

151 2354 382 2395 consequentia)
398 2355 437 2386 sit
450 2356 552 2386 minor
561 2357 659 2388 tribus
672 2357 850 2398 quadranti-

151 2398 220 2433 bus,
245 2398 274 2428 P
294 2397 451 2438 distabita
464 2405 580 2437 puncto
594 2409 616 2429 n
630 2400 735 2429 minus
753 2399 850 2439 quad-

151 2445 248 2477 rante,
263 2438 396 2482 ideoque
406 2441 643 2480 retroproductis
657 2442 746 2473 lineis
762 2442 800 2472 M
811 2443 849 2479 P,

153 2482 183 2512 L
199 2482 226 2512 P
245 2483 280 2512 in
300 2493 332 2513 m
354 2488 386 2513 et
406 2483 428 2520 l,
450 2481 523 2513 cum
544 2483 574 2514 L
592 2484 632 2515 sit
648 2484 710 2515 Soli
725 2484 852 2524 propius

151 2523 246 2564 quem
261 2523 310 2560 M,
326 2524 384 2556 erit
397 2525 410 2555 l
423 2536 443 2556 a
459 2525 529 2556 Sole
543 2526 690 2557 remotius
697 2525 793 2567 quam
807 2537 850 2564 tn,

151 2564 285 2607 ideoque
298 2567 432 2608 angulus
444 2569 475 2598 A
490 2569 541 2599 Tl
555 2569 653 2609 major
663 2569 721 2599 erit
734 2569 852 2610 angulo

155 2610 186 2639 A
205 2609 234 2640 T
249 2619 279 2645 n,
296 2615 327 2640 et
340 2610 476 2651 angulus
491 2610 523 2641 A
541 2611 570 2642 T
587 2611 617 2640 V
638 2611 746 2653 prioris
767 2622 851 2641 com-

153 2650 344 2690 plementum
370 2653 472 2683 minor
496 2653 555 2684 erit
577 2653 695 2694 angulo
723 2655 754 2684 A
772 2654 801 2684 T
818 2653 850 2684 N

153 2693 207 2734 qui
221 2700 268 2725 est
287 2694 396 2735 anguli
420 2696 451 2725 A
469 2695 499 2725 T
512 2706 545 2726 m
566 2695 848 2735 complementum3

153 2737 299 2774 processit
322 2747 398 2777 ergo
419 2737 521 2768 nodus
545 2740 584 2769 ab
610 2739 642 2769 N
671 2748 777 2771 versus
807 2738 849 2776 A,

153 2785 258 2808 motus
271 2788 345 2819 ergo
355 2779 429 2810 nodi
443 2786 489 2810 ent
502 2781 721 2822 progressivus.

200 2819 232 2851 Si
250 2821 281 2851 N
298 2821 327 2851 P
346 2821 386 2852 sit
398 2822 497 2863 major
511 2823 608 2854 tribus
620 2822 851 2864 quadrantibus

156 2862 186 2893 P
200 2863 305 2893 minus
318 2863 487 2903 quadrante
512 2876 531 2896 a
544 2872 660 2905 puncto
675 2866 704 2896 N
720 2865 852 2901 distabit,

154 2903 290 2946 cumque
318 2906 350 2936 N
372 2907 411 2937 sit
425 2907 458 2936 in
472 2909 690 2948 consequentia
713 2914 853 2947 respectu
878 2908 987 2948 puncti
1029 2909 1087 2940 erit
1100 2909 1195 2950 quam
1213 2910 1243 2941 A
1256 2911 1285 2942 T
1302 2911 1344 2948 N,
1361 2920 1436 2950 ergo
1449 2908 1595 2948 processit
1613 2908 1715 2940 nodus
1728 2918 1766 2939 ex
1782 2908 1816 2940 N
1830 2908 1864 2939 in

157 2947 187 2978 P
200 2953 237 2978 ut
250 2953 282 2978 et
295 2955 411 2988 puncta
426 2949 465 2979 M
489 2956 522 2980 et
548 2951 577 2981 L
591 2957 765 2982 anti-orsum
780 2951 996 2990 producendae·
1031 2952 1072 2988 V,
1089 2951 1259 2984 secundum
1275 2952 1501 2992 consequentia.
1806 2970 1813 2974 -

154 2995 228 3021 sunt
242 2990 332 3021 lineae
350 2990 377 3021 P
394 2992 442 3027 Μ,
463 2991 490 3021 Ρ
506 2992 535 3023 L
555 2998 592 3023 ut
613 2992 706 3032 plano
720 2993 867 3032 eclipticoe
880 3003 988 3024 occur·
1074 2997 1144 3026 Art.
1163 2999 1195 3026 3.
1243 2996 1314 3026 Sint
1327 2995 1392 3026 duo
1406 3004 1444 3024 ex
1457 2994 1556 3024 tribus
1576 2993 1700 3035 angulis
1727 2994 1760 3030 Q
1776 2994 1806 3024 T
1823 2993 1860 3030 P,

155 3038 225 3063 rant
238 3033 271 3062 in
286 3043 319 3063 m
334 3040 366 3063 et
379 3032 398 3069 l,
427 3038 459 3064 et
472 3033 544 3065 cum
562 3035 590 3065 L
605 3035 645 3065 sit
661 3035 726 3066 Soli
748 3035 879 3065 vicinius
893 3035 987 3076 quam
1032 3037 1066 3067 N
1082 3037 1112 3067 T
1125 3037 1164 3074 P,
1182 3038 1204 3069 S
1218 3038 1248 3068 T
1261 3038 1292 3068 N
1307 3036 1451 3077 negativi,
1466 3036 1575 3067 tertius
1587 3036 1745 3076 positivus,
1761 3042 1864 3067 motus

158 3073 207 3111 Μ,
223 3075 336 3114 pariter
350 3076 361 3105 l
375 3077 434 3107 erit
451 3076 515 3107 Soli
529 3077 658 3108 vicinius
672 3076 766 3119 quium
781 3088 823 3113 m,
848 3078 919 3109 hinc
933 3089 988 3109 an-
1030 3078 1182 3110 nodorum
1197 3090 1236 3112 ex
1253 3079 1444 3121 progressivo
1459 3078 1643 3121 regressivus
1657 3078 1720 3110 flet.

199 3132 282 3163 Von-
303 3133 370 3164 111.
393 3134 486 3164 Pim-
502 3134 552 3165 11.
992 3136 1018 3167 C
