2072 3522
237 263 320 304 172
639 259 1091 305 PHILOSOPHIAE
1123 257 1487 315 NATURALIS
1534 257 1628 310 [DE
1644 257 1950 317 Munnrb'vs‘r.

236 373 391 432 Anglia
421 376 598 418 eandem
627 376 712 418 fere
745 376 1075 433 magnitudinem
1099 373 1336 426 retinuisse,
1369 373 1523 415 scilicet
1552 373 1705 430 gradus
1734 375 1856 416 unius
1885 375 1955 418 vel
1985 415 1989 419 .

232 447 357 489 unius
386 462 482 489 cum
512 448 691 490 semisse.
754 447 989 488 Crassiores
1010 453 1106 487 sunt
1125 444 1431 486 observationes
1454 443 1646 485 Ponthaei
1665 454 1705 487 et
1727 445 1859 496 Cellii,
1892 461 1954 488 eae

229 518 463 571 praesertim
483 533 577 575 quae
595 533 672 574 per
691 517 921 558 azimuthos
941 524 984 558 et
1003 515 1240 571 altitudines
1261 515 1543 570 capiebantur,
1565 521 1612 556 ut
1624 523 1668 557 et
1683 530 1742 557 eae
1757 516 1950 560 Galletii:

229 589 422 632 meliores
454 597 552 632 sunt
585 605 647 632 eae
680 604 774 646 quae
807 603 884 644 per
914 588 1141 644 positiones
1182 596 1355 629 cometae
1393 588 1447 628 ad
1485 587 1590 629 fixas
1625 603 1650 629 a
1681 588 1948 641 Montenaro,

232 660 420 714 Hookio,
454 663 649 720 Angone,
682 670 724 703 et
752 652 1018 703 observatore
1057 661 1101 702 in
1142 660 1264 702 Nova
1300 659 1468 717 Anglia,
1510 669 1552 702 et
1589 675 1888 719 nonnunquam
1925 679 1952 705 a

232 733 438 776 Ponthaeo
457 742 499 776 et
522 734 655 776 Cellio
675 742 772 775 sunt
791 734 922 776 factae.
984 733 1147 774 Eodem
1167 732 1234 774 die
1254 732 1308 773 ad
1326 732 1475 774 horam
1495 732 1682 788 quintam
1705 735 1948 777 matutinam

230 804 456 847 Ballasorae
485 814 647 848 cometa
677 806 976 848 observabatur
1004 806 1047 846 in
1067 811 1114 848 1²32
1137 809 1235 846 11⁸¹.
1256 805 1326 846 45‘
1338 820 1349 853 3
1381 804 1559 863 ideoque
1579 805 1635 846 ad
1660 805 1809 847 horam
1829 808 1949 864 quin-

226 882 311 916 tam
342 876 589 918 matutinam
625 876 810 919 Londini
845 884 933 918 erat
963 876 1008 917 in
1039 881 1086 918 ²²32
1123 881 1217 935 133‘.
1256 875 1428 917 circiter.
1502 874 1585 916 Per
1616 874 1820 918 theoriam
1850 877 1951 920 verb

226 954 386 988 cometa
400 947 488 1003 jam
508 956 596 989 erat
615 948 658 989 in
679 954 725 990 ²¹32
749 952 845 990 13⁸¹.
869 949 948 990 22‘.
972 948 1065 988 42²¹.
1088 994 1089 998 Ἰ

282 1018 392 1061 Nov.
410 1025 478 1062 25.
509 1028 606 1062 ante
626 1028 764 1062 ortum
787 1020 895 1063 Solis
918 1020 1195 1063 Montenarus
1216 1027 1420 1061 cometam
1438 1019 1672 1063 observavit
1691 1021 1736 1062 in
1752 1027 1802 1063 *m
1824 1020 1949 1076 172⁹.

224 1091 400 1134 circiter.
462 1092 519 1135 Et
541 1093 699 1135 Cellius
721 1093 953 1135 observavit
972 1093 1120 1138 eodem
1147 1101 1333 1147 tempore
1354 1092 1467 1148 quod
1488 1101 1651 1134 cometa
1671 1080 1823 1135 eratin
1842 1093 1951 1136 linea

225 1162 336 1205 recta
358 1163 468 1206 inter
488 1164 649 1206 stellam
669 1165 851 1206 lucidam
871 1165 916 1206 in
935 1165 1084 1220 dextro
1105 1164 1261 1206 femore
1282 1164 1467 1221 Virginis
1488 1173 1530 1206 et
1548 1165 1710 1207 lancem
1730 1165 1953 1208 australem

227 1236 382 1288 Librae,
405 1245 447 1279 et
466 1237 558 1280 haec
576 1247 692 1285 recta
712 1245 824 1298 secat
842 1238 951 1279 viam
972 1245 1145 1280 cometae
1165 1237 1208 1278 in
1223 1243 1270 1279 ππ
1286 1242 1382 1279 18⁸2
1397 1238 1479 1280 36'.
1532 1237 1615 1280 Per
1634 1237 1838 1280 theoriam
1852 1238 1952 1280 ver'o

224 1319 385 1353 cometa
398 1312 488 1368 jam
508 1321 597 1354 erat
615 1314 660 1354 in
680 1319 727 1355 ¹²32
749 1315 873 1366 1838&
897 1313 1070 1355 circiter·

287 1384 541 1442 Congruunt
569 1386 699 1443 igitur
727 1386 796 1428 hae
826 1386 1136 1428 observationes
1167 1400 1264 1428 cum
1293 1385 1454 1428 theoria
1485 1384 1687 1443 quatenus
1717 1393 1954 1443 congruunt

225 1454 331 1496 inter
351 1471 409 1507 se,
431 1465 473 1498 et
493 1458 763 1515 congruendo
783 1459 965 1513 probant
983 1473 1114 1500 unum
1136 1466 1177 1500 et
1197 1458 1376 1499 eundem
1388 1458 1514 1501 fuisse
1534 1466 1753 1510 cometam,
1771 1458 1844 1515 qui
1862 1466 1953 1500 toto
2014 1484 2018 1486 v
2059 1491 2072 1498 -

226 1534 414 1581 tempore
435 1543 460 1569 a
480 1536 630 1584 quarto
650 1529 719 1571 die
741 1529 993 1572 Novembris
1014 1530 1068 1571 ad
1087 1544 1219 1585 usque
1239 1544 1398 1570 nonum
1419 1529 1567 1572 Martii
1587 1530 1791 1586 apparuit.
1846 1530 1955 1572 Tra-

220 1599 397 1653 jectoria
425 1608 598 1641 cometae
628 1599 751 1656 hujus
793 1601 844 1656 (g)
865 1601 930 1642 bis
957 1601 1088 1642 secuit
1116 1601 1290 1656 planum
1309 1600 1524 1656 eclipticae,
1557 1609 1598 1643 et
1627 1609 1851 1656 propterea
1869 1615 1956 1643 non

225 1668 304 1711 fuit
331 1670 555 1712 rectilinea.
619 1671 868 1727 Eclipticam
898 1672 1029 1714 secuit
1057 1686 1142 1712 non
1171 1671 1215 1712 in
1243 1672 1443 1726 oppositis
1464 1671 1560 1712 coeli
1577 1671 1779 1727 partibus,
1810 1671 1884 1713 sed
1911 1671 1957 1714 in

223 1739 307 1781 fine
326 1741 526 1798 *Virginis
561 1750 602 1785 et
635 1743 842 1798 principio
878 1744 1139 1798 Capricorni,
1176 1743 1394 1785 intervallo
1425 1744 1634 1800 graduum
1661 1750 1730 1786 98.
1760 1744 1954 1794 circiter3

226 1811 411 1870 ide6que
426 1829 572 1855 cursus
593 1823 765 1856 cometae
793 1815 1021 1871 plurimum
1040 1815 1336 1857 deflectebatur
1357 1831 1383 1856 a
1401 1817 1567 1872 circulov
1585 1817 1781 1858 maximo.
1844 1816 1957 1857 Nam

223 1890 265 1924 et
287 1885 430 1925 mense
452 1883 683 1926 Novembri
704 1900 849 1927 cursus
870 1887 961 1944 ejus
977 1886 1110 1927 tribus
1132 1886 1277 1927 saltem
1296 1886 1496 1943 gradibus
1516 1887 1569 1928 ab
1589 1885 1776 1942 ecliptica
1796 1886 1841 1927 in
1860 1901 1956 1927 aus-

223 1961 335 1994 trum
367 1954 616 2006 declinabat,
633 2003 635 2005 ,
650 1963 692 1998 et
724 1964 869 2012 postea
903 1971 1046 1998 mense
1071 1957 1300 2012 Decembri
1333 1958 1532 2014 gradibus
1565 1963 1635 2000 29.
1670 1957 1870 2014 vergebat
1900 1957 1955 1999 ab

225 2025 414 2081 ecliptica
445 2027 490 2068 in
521 2029 844 2083 septentrionem
864 2030 1052 2091 partibus
1073 2029 1234 2070 duabus
1255 2029 1416 2080 orbitae,
1440 2029 1491 2085 ‘in
1512 2030 1662 2086 quibus
1682 2037 1842 2071 cometa
1862 2037 1954 2071 ten-

226 2098 352 2140 debat
372 2099 415 2140 in
439 2099 580 2158 Solem
601 2108 643 2142 et
663 2101 826 2143 redibat
845 2117 869 2143 a
893 2101 1004 2152 Sole,
1027 2101 1181 2158 angulo
1201 2109 1427 2156 apparente
1446 2101 1652 2158 graduum
1671 2101 1764 2156 plus
1785 2100 1971 2157 triginta
2029 2157 2033 2160 η

226 2171 279 2211 ab
300 2171 477 2213 invicem
497 2172 813 2224 declinantibus,
830 2180 878 2214 ut
892 2173 1126 2215 observavit
1147 2173 1436 2215 Montenarus.
1479 2173 1690 2230 Pergebat
1707 2172 1778 2213 hic
1791 2179 1952 2213 cometa

224 2257 299 2297 per
316 2243 434 2300 signa
448 2250 613 2295 novem,
630 2259 655 2286 a
669 2234 825 2287 Leonis
839 2244 995 2286 scilicet
1011 2244 1156 2285 ultimo
1171 2243 1306 2302 gradu
1322 2243 1375 2284 ad
1395 2243 1646 2298 principium
1661 2242 1950 2294 Geminorum,

223 2324 378 2370 praeter
392 2316 557 2373 signum
572 2316 742 2369 Leonis,
764 2302 842 2372 per
861 2316 974 2373 quod
994 2316 1196 2374 pergebat
1215 2323 1436 2371 antequam
1456 2314 1586 2356 videri
1608 2314 1735 2369 coepit
1745 2329 1757 2362 3
1778 2321 1819 2354 et
1839 2312 1956 2355 nulla

229 2386 313 2428 alia
333 2394 448 2428 extat
467 2378 641 2439 theoria,
674 2387 753 2444 qua
775 2395 936 2428 cometa
955 2395 1112 2428 tantam
1133 2386 1227 2427 coeli
1252 2393 1411 2441 partem
1433 2394 1550 2427 motu
1570 2384 1752 2441 regulari
1780 2397 1954 2446 petent-U

224 2465 299 2500 rat.
362 2458 510 2501 Motus
540 2460 628 2515 ejus
658 2459 735 2501 fuit
762 2458 941 2500 maxime
971 2458 1242 2515 inaequabilis.
1304 2458 1414 2499 Nam
1435 2458 1546 2500 circa
1566 2458 1676 2499 diem
1706 2456 1951 2514 vigesimum

225 2531 477 2574 Novembris
506 2533 724 2589 descripsit
751 2533 906 2591 gradus
927 2533 1090 2575 circiter
1110 2533 1293 2589 quinque
1313 2532 1488 2589 singulis
1509 2531 1655 2573 diebus
1667 2546 1680 2581 3
1711 2530 1809 2572 dein
1828 2538 1947 2573 motu

226 2604 439 2646 retardato
469 2605 578 2647 inter
593 2591 814 2647 ‘Novemb.
836 2610 903 2646 26.
926 2613 967 2646 et
996 2604 1201 2647 Decemb.
1228 2608 1292 2645 12.
1316 2603 1451 2659 spatio
1471 2602 1627 2644 scilicet
1646 2601 1808 2643 dierum
1829 2600 1951 2658 quin·-

225 2675 359 2716 decim
380 2691 476 2718 curn
498 2678 676 2727 semisse,
698 2677 915 2732 descripsit
934 2676 1089 2734 gradus
1109 2684 1268 2718 tantum
1291 2682 1370 2726 403
1391 2682 1535 2732 postea
1550 2672 1648 2716 vero
1661 2683 1778 2717 motu
1797 2674 1949 2735 iterum

225 2746 466 2798 accelerato,
489 2748 707 2803 descripsit
725 2747 880 2805 gradus
894 2747 980 2790 fere
996 2748 1179 2803 quinque
1200 2746 1372 2804 singulis
1394 2746 1555 2795 diebus,
1570 2752 1795 2802 antequam
1809 2752 1948 2787 motus

226 2816 376 2858 iterum
406 2818 609 2860 retardari
639 2818 774 2873 coepit.
837 2817 894 2859 Et
913 2817 1074 2859 theoria
1094 2833 1188 2875 quae
1208 2817 1339 2859 motui
1359 2824 1444 2858 tam
1464 2814 1701 2871 inaequabili
1719 2831 1796 2871 per
1814 2814 1950 2857 maxi-
2007 2868 2013 2879 ἓ

226 2901 336 2928 mam
366 2886 460 2930 coeli
488 2897 650 2944 partem
679 2887 810 2945 probe
839 2889 1077 2944 respondet,
1111 2902 1286 2945 quaeque
1305 2886 1474 2929 easdem
1496 2886 1689 2928 observat
1715 2886 1830 2944 leges
1851 2877 1954 2928 cum*

271 3058 317 3100 (⁸)
335 3061 424 3132 2412&
448 3062 543 3134 εεοέιίι
566 3062 700 3102 planum
720 3060 872 3100 eclipticoe.
935 3059 1075 3099 Tempus
1096 3068 1159 3100 quo
1179 3063 1301 3090 cometa
1320 3062 1403 3089 secat
1424 3056 1597 3097 eclipticam
1619 3055 1749 3087 inveniri
1772 3059 1872 3095 potest
1892 3063 1949 3095 per

229 3110 316 3131 num.
377 3115 406 3132 a.
423 3109 454 3133 et
473 3106 483 3133 l
512 3107 540 3133 4.
