<?xml version="1.0" encoding="UTF-8"?>
<!DOCTYPE html PUBLIC "-//W3C//DTD XHTML 1.0 Transitional//EN"
    "http://www.w3.org/TR/xhtml1/DTD/xhtml1-transitional.dtd">
<html xmlns="http://www.w3.org/1999/xhtml" xml:lang="en" lang="en">
 <head>
  <title>
</title>
<meta http-equiv="Content-Type" content="text/html;charset=utf-8" />
  <meta name='ocr-system' content='tesseract 3.04.00' />
  <meta name='ocr-capabilities' content='ocr_page ocr_carea ocr_par ocr_line ocrx_word'/>
</head>
<body>
  <div class='ocr_page' id='page_1' title='image "./philosophiaenatu04newtuoft_0203.png"; bbox 0 0 2072 3522; ppageno 0'>
   <div class='ocr_carea' id='block_1_1' title="bbox 134 245 1852 436">
    <p class='ocr_par' dir='ltr' id='par_1_1' title="bbox 134 245 1852 436">
     <span class='ocr_line' id='line_1_1' title="bbox 136 245 1852 312; baseline 0.005 -13"><span class='ocrx_word' id='word_1_1' title='bbox 136 258 288 301; x_wconf 72' lang='lat' dir='ltr'><strong>ann</strong></span> <span class='ocrx_word' id='word_1_2' title='bbox 301 258 542 312; x_wconf 58' lang='lat' dir='ltr'><strong>Tamna]</strong></span> <span class='ocrx_word' id='word_1_3' title='bbox 575 260 902 304; x_wconf 86' lang='lat' dir='ltr'>PRINCIPIA</span> <span class='ocrx_word' id='word_1_4' title='bbox 933 262 1429 305; x_wconf 90' lang='lat' dir='ltr'><strong>MATHEMATICA.</strong></span> <span class='ocrx_word' id='word_1_5' title='bbox 1772 245 1852 310; x_wconf 61' lang='lat'><strong>18²1</strong></span> 
     </span>
     <span class='ocr_line' id='line_1_2' title="bbox 134 368 1850 436; baseline 0.003 -20"><span class='ocrx_word' id='word_1_6' title='bbox 134 381 232 428; x_wconf 88' lang='lat' dir='ltr'><strong>post</strong></span> <span class='ocrx_word' id='word_1_7' title='bbox 268 373 396 431; x_wconf 85' lang='lat' dir='ltr'><strong>longa</strong></span> <span class='ocrx_word' id='word_1_8' title='bbox 433 382 672 431; x_wconf 90' lang='lat' dir='ltr'><strong>temporum</strong></span> <span class='ocrx_word' id='word_1_9' title='bbox 709 376 927 418; x_wconf 82' lang='lat' dir='ltr'><strong>intervalla</strong></span> <span class='ocrx_word' id='word_1_10' title='bbox 964 377 1243 429; x_wconf 80' lang='lat' dir='ltr'><strong>redeuntium,</strong></span> <span class='ocrx_word' id='word_1_11' title='bbox 1294 378 1609 420; x_wconf 86' lang='lat' dir='ltr'><strong>determinanda</strong></span> <span class='ocrx_word' id='word_1_12' title='bbox 1647 368 1850 436; x_wconf 86' lang='lat' dir='ltr'><strong>relinquo.</strong></span> 
     </span>
    </p>
   </div>
   <div class='ocr_carea' id='block_1_2' title="bbox 132 443 1678 505">
    <p class='ocr_par' dir='ltr' id='par_1_2' title="bbox 132 443 1678 505">
     <span class='ocr_line' id='line_1_3' title="bbox 132 443 1678 505; baseline 0.003 -18"><span class='ocrx_word' id='word_1_13' title='bbox 132 443 300 488; x_wconf 81' lang='lat' dir='ltr'><strong>Interea</strong></span> <span class='ocrx_word' id='word_1_14' title='bbox 317 445 418 488; x_wconf 87' lang='lat' dir='ltr'><strong>huic</strong></span> <span class='ocrx_word' id='word_1_15' title='bbox 436 447 606 503; x_wconf 87' lang='lat' dir='ltr'><strong>negotio</strong></span> <span class='ocrx_word' id='word_1_16' title='bbox 627 446 865 503; x_wconf 89' lang='lat' dir='ltr'><strong>Propositio</strong></span> <span class='ocrx_word' id='word_1_17' title='bbox 886 463 1065 505; x_wconf 88' lang='lat' dir='ltr'><strong>sequens</strong></span> <span class='ocrx_word' id='word_1_18' title='bbox 1084 448 1228 491; x_wconf 90' lang='lat' dir='ltr'><strong>lumen</strong></span> <span class='ocrx_word' id='word_1_19' title='bbox 1247 449 1474 492; x_wconf 80' lang='lat' dir='ltr'><strong>accendere</strong></span> <span class='ocrx_word' id='word_1_20' title='bbox 1492 457 1641 505; x_wconf 85' lang='lat' dir='ltr'><strong>potest.</strong></span> <span class='ocrx_word' id='word_1_21' title='bbox 1676 462 1678 464; x_wconf 87' lang='grc'><em>·</em></span> 
     </span>
    </p>
   </div>
   <div class='ocr_carea' id='block_1_3' title="bbox 435 565 1596 645">
    <p class='ocr_par' dir='ltr' id='par_1_3' title="bbox 435 565 1596 645">
     <span class='ocr_line' id='line_1_4' title="bbox 435 565 1596 645; baseline 0.003 -3"><span class='ocrx_word' id='word_1_22' title='bbox 435 565 816 643; x_wconf 71' lang='lat' dir='ltr'><strong>PROPOSITIb</strong></span> <span class='ocrx_word' id='word_1_23' title='bbox 847 600 998 644; x_wconf 90' lang='lat' dir='ltr'>XLII.</span> <span class='ocrx_word' id='word_1_24' title='bbox 1061 601 1410 645; x_wconf 90' lang='lat' dir='ltr'><strong>PROBLEMA</strong></span> <span class='ocrx_word' id='word_1_25' title='bbox 1438 602 1596 645; x_wconf 89' lang='lat' dir='ltr'>XXII.</span> 
     </span>
    </p>
   </div>
   <div class='ocr_carea' id='block_1_4' title="bbox 526 735 1442 795">
    <p class='ocr_par' dir='ltr' id='par_1_4' title="bbox 526 735 1442 795">
     <span class='ocr_line' id='line_1_5' title="bbox 526 735 1442 795; baseline 0.003 -17"><span class='ocrx_word' id='word_1_26' title='bbox 526 735 737 779; x_wconf 82' lang='lat' dir='ltr'><strong>Inventam</strong></span> <span class='ocrx_word' id='word_1_27' title='bbox 754 743 912 779; x_wconf 84' lang='lat' dir='ltr'><strong>cometae</strong></span> <span class='ocrx_word' id='word_1_28' title='bbox 936 737 1210 794; x_wconf 83' lang='lat' dir='ltr'><strong>trajectoriam</strong></span> <span class='ocrx_word' id='word_1_29' title='bbox 1230 741 1442 795; x_wconf 84' lang='lat' dir='ltr'><strong>corrigere.</strong></span> 
     </span>
    </p>
   </div>
   <div class='ocr_carea' id='block_1_5' title="bbox 99 860 1851 2222">
    <p class='ocr_par' dir='ltr' id='par_1_5' title="bbox 119 860 1851 1860">
     <span class='ocr_line' id='line_1_6' title="bbox 188 860 1848 922; baseline 0.002 -20"><span class='ocrx_word' id='word_1_30' title='bbox 188 861 384 916; x_wconf 83' lang='lat' dir='ltr'><strong>Operatio</strong></span> <span class='ocrx_word' id='word_1_31' title='bbox 416 866 457 904; x_wconf 94' lang='lat' dir='ltr'><strong>l.</strong></span> <span class='ocrx_word' id='word_1_32' title='bbox 499 860 750 903; x_wconf 82' lang='lat' dir='ltr'><strong>Assumatur</strong></span> <span class='ocrx_word' id='word_1_33' title='bbox 775 862 928 918; x_wconf 88' lang='lat' dir='ltr'><strong>positio</strong></span> <span class='ocrx_word' id='word_1_34' title='bbox 961 864 1077 919; x_wconf 88' lang='lat' dir='ltr'><strong>plani</strong></span> <span class='ocrx_word' id='word_1_35' title='bbox 1109 865 1370 922; x_wconf 88' lang='lat' dir='ltr'><strong>trajectoriae,</strong></span> <span class='ocrx_word' id='word_1_36' title='bbox 1399 879 1477 922; x_wconf 90' lang='lat' dir='ltr'><strong>per</strong></span> <span class='ocrx_word' id='word_1_37' title='bbox 1514 864 1848 920; x_wconf 88' lang='lat' dir='ltr'><strong>Propositionem</strong></span> 
     </span>
     <span class='ocr_line' id='line_1_7' title="bbox 127 932 1849 993; baseline 0.001 -16"><span class='ocrx_word' id='word_1_38' title='bbox 127 935 386 990; x_wconf 89' lang='lat' dir='ltr'><strong>superiorem</strong></span> <span class='ocrx_word' id='word_1_39' title='bbox 405 934 599 985; x_wconf 85' lang='lat' dir='ltr'><strong>inventa3</strong></span> <span class='ocrx_word' id='word_1_40' title='bbox 631 943 672 977; x_wconf 90' lang='lat' dir='ltr'><strong>et</strong></span> <span class='ocrx_word' id='word_1_41' title='bbox 692 935 920 993; x_wconf 84' lang='lat' dir='ltr'><strong>seligantur</strong></span> <span class='ocrx_word' id='word_1_42' title='bbox 938 938 1018 979; x_wconf 87' lang='lat' dir='ltr'><strong>tria</strong></span> <span class='ocrx_word' id='word_1_43' title='bbox 1045 938 1138 980; x_wconf 87' lang='lat' dir='ltr'><strong>loca</strong></span> <span class='ocrx_word' id='word_1_44' title='bbox 1157 947 1332 981; x_wconf 86' lang='lat' dir='ltr'><strong>cometae</strong></span> <span class='ocrx_word' id='word_1_45' title='bbox 1351 938 1708 981; x_wconf 88' lang='lat' dir='ltr'><strong>observationibus</strong></span> <span class='ocrx_word' id='word_1_46' title='bbox 1724 932 1849 980; x_wconf 68' lang='lat' dir='ltr'><strong>&#39;aecu-</strong></span> 
     </span>
     <span class='ocr_line' id='line_1_8' title="bbox 123 1006 1850 1068; baseline 0.001 -17"><span class='ocrx_word' id='word_1_47' title='bbox 123 1010 336 1052; x_wconf 84' lang='lat' dir='ltr'><strong>ratissimis</strong></span> <span class='ocrx_word' id='word_1_48' title='bbox 356 1006 542 1060; x_wconf 81' lang='lat' dir='ltr'><strong>definita,</strong></span> <span class='ocrx_word' id='word_1_49' title='bbox 563 1018 606 1052; x_wconf 91' lang='lat' dir='ltr'><strong>et</strong></span> <span class='ocrx_word' id='word_1_50' title='bbox 625 1010 679 1051; x_wconf 88' lang='lat' dir='ltr'><strong>ab</strong></span> <span class='ocrx_word' id='word_1_51' title='bbox 698 1009 877 1052; x_wconf 83' lang='lat' dir='ltr'><strong>invicem</strong></span> <span class='ocrx_word' id='word_1_52' title='bbox 891 1010 1200 1067; x_wconf 68' lang='lat' dir='ltr'><strong>quzimmax-ime</strong></span> <span class='ocrx_word' id='word_1_53' title='bbox 1222 1012 1441 1062; x_wconf 84' lang='lat' dir='ltr'><strong>distantia3</strong></span> <span class='ocrx_word' id='word_1_54' title='bbox 1466 1012 1602 1068; x_wconf 88' lang='lat' dir='ltr'><strong>sitque</strong></span> <span class='ocrx_word' id='word_1_55' title='bbox 1622 1011 1665 1054; x_wconf 93' lang='lat' dir='ltr'>A</span> <span class='ocrx_word' id='word_1_56' title='bbox 1684 1019 1850 1066; x_wconf 88' lang='lat' dir='ltr'><strong>tempus</strong></span> 
     </span>
     <span class='ocr_line' id='line_1_9' title="bbox 122 1082 1848 1140; baseline 0.001 -16"><span class='ocrx_word' id='word_1_57' title='bbox 122 1083 232 1125; x_wconf 88' lang='lat' dir='ltr'><strong>inter</strong></span> <span class='ocrx_word' id='word_1_58' title='bbox 269 1082 450 1138; x_wconf 81' lang='lat' dir='ltr'><strong>primam</strong></span> <span class='ocrx_word' id='word_1_59' title='bbox 488 1090 531 1124; x_wconf 91' lang='lat' dir='ltr'><strong>et</strong></span> <span class='ocrx_word' id='word_1_60' title='bbox 568 1083 808 1134; x_wconf 90' lang='lat' dir='ltr'><strong>secundam,</strong></span> <span class='ocrx_word' id='word_1_61' title='bbox 842 1099 891 1125; x_wconf 87' lang='lat' dir='ltr'><strong>ac</strong></span> <span class='ocrx_word' id='word_1_62' title='bbox 925 1084 963 1126; x_wconf 92' lang='lat' dir='ltr'><strong>B</strong></span> <span class='ocrx_word' id='word_1_63' title='bbox 995 1092 1160 1140; x_wconf 87' lang='lat' dir='ltr'><strong>tempus</strong></span> <span class='ocrx_word' id='word_1_64' title='bbox 1181 1085 1302 1126; x_wconf 87' lang='lat' dir='ltr'><strong>-inter</strong></span> <span class='ocrx_word' id='word_1_65' title='bbox 1336 1084 1561 1127; x_wconf 84' lang='lat' dir='ltr'><strong>secundam</strong></span> <span class='ocrx_word' id='word_1_66' title='bbox 1593 1098 1642 1125; x_wconf 86' lang='lat' dir='ltr'><strong>ac</strong></span> <span class='ocrx_word' id='word_1_67' title='bbox 1670 1084 1848 1126; x_wconf 86' lang='lat' dir='ltr'><strong>tertiam.</strong></span> 
     </span>
     <span class='ocr_line' id='line_1_10' title="bbox 127 1155 1851 1215; baseline 0 -17"><span class='ocrx_word' id='word_1_68' title='bbox 127 1155 349 1198; x_wconf 86' lang='lat' dir='ltr'><strong>Cometam</strong></span> <span class='ocrx_word' id='word_1_69' title='bbox 367 1165 508 1199; x_wconf 86' lang='lat' dir='ltr'><strong>autem</strong></span> <span class='ocrx_word' id='word_1_70' title='bbox 527 1157 573 1198; x_wconf 91' lang='lat' dir='ltr'><strong>in</strong></span> <span class='ocrx_word' id='word_1_71' title='bbox 593 1172 740 1199; x_wconf 89' lang='lat' dir='ltr'><strong>eorum</strong></span> <span class='ocrx_word' id='word_1_72' title='bbox 760 1156 900 1213; x_wconf 88' lang='lat' dir='ltr'><strong>aliquo</strong></span> <span class='ocrx_word' id='word_1_73' title='bbox 930 1156 981 1213; x_wconf 68' lang='lat'><strong>(¹)</strong></span> <span class='ocrx_word' id='word_1_74' title='bbox 1002 1158 1047 1198; x_wconf 89' lang='lat' dir='ltr'><strong>in</strong></span> <span class='ocrx_word' id='word_1_75' title='bbox 1065 1158 1251 1215; x_wconf 87' lang='lat' dir='ltr'><strong>perigaeo</strong></span> <span class='ocrx_word' id='word_1_76' title='bbox 1271 1158 1427 1200; x_wconf 87' lang='lat' dir='ltr'><strong>versari</strong></span> <span class='ocrx_word' id='word_1_77' title='bbox 1447 1157 1653 1208; x_wconf 84' lang='lat' dir='ltr'><strong>convenit,</strong></span> <span class='ocrx_word' id='word_1_78' title='bbox 1684 1156 1750 1198; x_wconf 89' lang='lat' dir='ltr'><strong>vel</strong></span> <span class='ocrx_word' id='word_1_79' title='bbox 1769 1157 1851 1198; x_wconf 85' lang='lat' dir='ltr'><strong>sal-</strong></span> 
     </span>
     <span class='ocr_line' id='line_1_11' title="bbox 123 1221 1850 1287; baseline 0.001 -17"><span class='ocrx_word' id='word_1_80' title='bbox 123 1236 211 1271; x_wconf 86' lang='lat' dir='ltr'><strong>tem</strong></span> <span class='ocrx_word' id='word_1_81' title='bbox 228 1243 316 1270; x_wconf 90' lang='lat' dir='ltr'><strong>non</strong></span> <span class='ocrx_word' id='word_1_82' title='bbox 335 1228 462 1286; x_wconf 71' lang='lat' dir='ltr'><strong>longe</strong></span> <span class='ocrx_word' id='word_1_83' title='bbox 482 1245 507 1271; x_wconf 88' lang='lat' dir='ltr'><strong>a</strong></span> <span class='ocrx_word' id='word_1_84' title='bbox 526 1229 714 1287; x_wconf 88' lang='lat' dir='ltr'><strong>perigaeo</strong></span> <span class='ocrx_word' id='word_1_85' title='bbox 734 1229 891 1272; x_wconf 84' lang='lat' dir='ltr'><strong>abesse.</strong></span> <span class='ocrx_word' id='word_1_86' title='bbox 953 1230 996 1287; x_wconf 90' lang='lat'><strong>(¹)</strong></span> <span class='ocrx_word' id='word_1_87' title='bbox 1020 1231 1090 1273; x_wconf 83' lang='lat' dir='ltr'><strong>Ex</strong></span> <span class='ocrx_word' id='word_1_88' title='bbox 1109 1231 1174 1273; x_wconf 89' lang='lat' dir='ltr'><strong>his</strong></span> <span class='ocrx_word' id='word_1_89' title='bbox 1193 1231 1294 1273; x_wconf 82' lang='lat' dir='ltr'><strong>locis</strong></span> <span class='ocrx_word' id='word_1_90' title='bbox 1315 1221 1610 1287; x_wconf 83' lang='lat' dir='ltr'><strong>apparentibus</strong></span> <span class='ocrx_word' id='word_1_91' title='bbox 1635 1227 1850 1272; x_wconf 82' lang='lat' dir='ltr'><strong>invenian-</strong></span> 
     </span>
     <span class='ocr_line' id='line_1_12' title="bbox 122 1299 1851 1359; baseline 0.001 -17"><span class='ocrx_word' id='word_1_92' title='bbox 122 1308 204 1352; x_wconf 90' lang='lat' dir='ltr'><strong>tur,</strong></span> <span class='ocrx_word' id='word_1_93' title='bbox 235 1316 313 1357; x_wconf 90' lang='lat' dir='ltr'><strong>per</strong></span> <span class='ocrx_word' id='word_1_94' title='bbox 342 1302 606 1357; x_wconf 85' lang='lat' dir='ltr'><strong>operationes</strong></span> <span class='ocrx_word' id='word_1_95' title='bbox 635 1301 1008 1359; x_wconf 50' lang='lat' dir='ltr'><strong>trigonometiicaa</strong></span> <span class='ocrx_word' id='word_1_96' title='bbox 1039 1303 1132 1346; x_wconf 87' lang='lat' dir='ltr'><strong>loca</strong></span> <span class='ocrx_word' id='word_1_97' title='bbox 1152 1304 1234 1345; x_wconf 86' lang='lat' dir='ltr'><strong>tria</strong></span> <span class='ocrx_word' id='word_1_98' title='bbox 1252 1305 1351 1346; x_wconf 79' lang='lat' dir='ltr'><strong>vera</strong></span> <span class='ocrx_word' id='word_1_99' title='bbox 1370 1312 1543 1346; x_wconf 87' lang='lat' dir='ltr'><strong>cometae</strong></span> <span class='ocrx_word' id='word_1_100' title='bbox 1572 1304 1616 1345; x_wconf 88' lang='lat' dir='ltr'><strong>in</strong></span> <span class='ocrx_word' id='word_1_101' title='bbox 1636 1299 1851 1359; x_wconf 87' lang='lat' dir='ltr'><strong>assumpto</strong></span> 
     </span>
     <span class='ocr_line' id='line_1_13' title="bbox 124 1371 1850 1429; baseline 0.002 -16"><span class='ocrx_word' id='word_1_102' title='bbox 124 1371 201 1414; x_wconf 83' lang='lat' dir='ltr'><strong>illo</strong></span> <span class='ocrx_word' id='word_1_103' title='bbox 218 1372 347 1428; x_wconf 85' lang='lat' dir='ltr'><strong>plano</strong></span> <span class='ocrx_word' id='word_1_104' title='bbox 366 1373 626 1429; x_wconf 84' lang='lat' dir='ltr'><strong>trajectoriae.</strong></span> <span class='ocrx_word' id='word_1_105' title='bbox 687 1373 858 1415; x_wconf 72' lang='lat' dir='ltr'><strong>Deinde</strong></span> <span class='ocrx_word' id='word_1_106' title='bbox 887 1388 963 1429; x_wconf 90' lang='lat' dir='ltr'><strong>per</strong></span> <span class='ocrx_word' id='word_1_107' title='bbox 982 1374 1075 1416; x_wconf 90' lang='lat' dir='ltr'><strong>loca</strong></span> <span class='ocrx_word' id='word_1_108' title='bbox 1094 1375 1166 1416; x_wconf 90' lang='lat' dir='ltr'><strong>illa</strong></span> <span class='ocrx_word' id='word_1_109' title='bbox 1185 1376 1366 1427; x_wconf 85' lang='lat' dir='ltr'><strong>inventa,</strong></span> <span class='ocrx_word' id='word_1_110' title='bbox 1399 1376 1509 1418; x_wconf 80' lang='lat' dir='ltr'><strong>circa</strong></span> <span class='ocrx_word' id='word_1_111' title='bbox 1529 1383 1718 1418; x_wconf 86' lang='lat' dir='ltr'><strong>centrum</strong></span> <span class='ocrx_word' id='word_1_112' title='bbox 1741 1375 1850 1418; x_wconf 85' lang='lat' dir='ltr'><strong>Solis</strong></span> 
     </span>
     <span class='ocr_line' id='line_1_14' title="bbox 124 1444 1847 1502; baseline 0.001 -17"><span class='ocrx_word' id='word_1_113' title='bbox 124 1458 203 1485; x_wconf 88' lang='lat' dir='ltr'><strong>ceu</strong></span> <span class='ocrx_word' id='word_1_114' title='bbox 231 1444 489 1494; x_wconf 80' lang='lat' dir='ltr'><strong>umbilicum,</strong></span> <span class='ocrx_word' id='word_1_115' title='bbox 519 1458 598 1499; x_wconf 91' lang='lat' dir='ltr'><strong>per</strong></span> <span class='ocrx_word' id='word_1_116' title='bbox 625 1444 887 1500; x_wconf 87' lang='lat' dir='ltr'><strong>operationes</strong></span> <span class='ocrx_word' id='word_1_117' title='bbox 917 1445 1210 1497; x_wconf 83' lang='lat' dir='ltr'><strong>arithmeticas,</strong></span> <span class='ocrx_word' id='word_1_118' title='bbox 1243 1461 1324 1502; x_wconf 90' lang='lat' dir='ltr'><strong>ope</strong></span> <span class='ocrx_word' id='word_1_119' title='bbox 1343 1447 1482 1502; x_wconf 84' lang='lat' dir='ltr'><strong>·Prop.</strong></span> <span class='ocrx_word' id='word_1_120' title='bbox 1515 1447 1650 1488; x_wconf 89' lang='lat' dir='ltr'>XXI.</span> <span class='ocrx_word' id='word_1_121' title='bbox 1681 1446 1779 1488; x_wconf 90' lang='lat' dir='ltr'><strong>Lib.</strong></span> <span class='ocrx_word' id='word_1_122' title='bbox 1811 1445 1847 1487; x_wconf 92' lang='lat' dir='ltr'><strong>I.</strong></span> 
     </span>
     <span class='ocr_line' id='line_1_15' title="bbox 122 1515 1850 1573; baseline 0.001 -17"><span class='ocrx_word' id='word_1_123' title='bbox 122 1515 346 1566; x_wconf 87' lang='lat' dir='ltr'><strong>institutas,</strong></span> <span class='ocrx_word' id='word_1_124' title='bbox 378 1515 640 1557; x_wconf 87' lang='lat' dir='ltr'><strong>describatur</strong></span> <span class='ocrx_word' id='word_1_125' title='bbox 668 1515 796 1558; x_wconf 87' lang='lat' dir='ltr'><strong>sectio</strong></span> <span class='ocrx_word' id='word_1_126' title='bbox 824 1516 995 1558; x_wconf 84' lang='lat' dir='ltr'><strong>conica:</strong></span> <span class='ocrx_word' id='word_1_127' title='bbox 1027 1518 1090 1572; x_wconf 76' lang='lat'>(¹¹¹)</span> <span class='ocrx_word' id='word_1_128' title='bbox 1122 1526 1164 1559; x_wconf 89' lang='lat' dir='ltr'><strong>et</strong></span> <span class='ocrx_word' id='word_1_129' title='bbox 1192 1518 1279 1573; x_wconf 91' lang='lat' dir='ltr'><strong>ejus</strong></span> <span class='ocrx_word' id='word_1_130' title='bbox 1308 1532 1430 1568; x_wconf 72' lang='lat' dir='ltr'><strong>areae,</strong></span> <span class='ocrx_word' id='word_1_131' title='bbox 1462 1517 1590 1559; x_wconf 88' lang='lat' dir='ltr'><strong>radiis</strong></span> <span class='ocrx_word' id='word_1_132' title='bbox 1620 1533 1645 1559; x_wconf 89' lang='lat' dir='ltr'><strong>a</strong></span> <span class='ocrx_word' id='word_1_133' title='bbox 1677 1517 1775 1560; x_wconf 90' lang='lat' dir='ltr'><strong>Sole</strong></span> <span class='ocrx_word' id='word_1_134' title='bbox 1795 1517 1850 1558; x_wconf 86' lang='lat' dir='ltr'><strong>ad</strong></span> 
     </span>
     <span class='ocr_line' id='line_1_16' title="bbox 119 1588 1849 1646; baseline 0.001 -16"><span class='ocrx_word' id='word_1_135' title='bbox 119 1588 215 1630; x_wconf 88' lang='lat' dir='ltr'><strong>loca</strong></span> <span class='ocrx_word' id='word_1_136' title='bbox 234 1589 405 1632; x_wconf 86' lang='lat' dir='ltr'><strong>inventa</strong></span> <span class='ocrx_word' id='word_1_137' title='bbox 423 1589 558 1632; x_wconf 86' lang='lat' dir='ltr'><strong>ductis</strong></span> <span class='ocrx_word' id='word_1_138' title='bbox 578 1589 824 1642; x_wconf 70' lang='lat' dir='ltr'><strong>terminatae,</strong></span> <span class='ocrx_word' id='word_1_139' title='bbox 856 1598 982 1632; x_wconf 82' lang='lat' dir='ltr'><strong>sunto</strong></span> <span class='ocrx_word' id='word_1_140' title='bbox 1001 1590 1047 1632; x_wconf 94' lang='lat' dir='ltr'>D</span> <span class='ocrx_word' id='word_1_141' title='bbox 1068 1598 1110 1633; x_wconf 89' lang='lat' dir='ltr'><strong>et</strong></span> <span class='ocrx_word' id='word_1_142' title='bbox 1132 1591 1183 1641; x_wconf 90' lang='lat' dir='ltr'><strong>E,</strong></span> <span class='ocrx_word' id='word_1_143' title='bbox 1214 1605 1366 1646; x_wconf 88' lang='lat' dir='ltr'><strong>nempe</strong></span> <span class='ocrx_word' id='word_1_144' title='bbox 1386 1591 1432 1632; x_wconf 96' lang='lat' dir='ltr'>D</span> <span class='ocrx_word' id='word_1_145' title='bbox 1453 1605 1550 1632; x_wconf 85' lang='lat' dir='ltr'><strong>area</strong></span> <span class='ocrx_word' id='word_1_146' title='bbox 1578 1590 1687 1632; x_wconf 86' lang='lat' dir='ltr'><strong>inter</strong></span> <span class='ocrx_word' id='word_1_147' title='bbox 1706 1590 1849 1631; x_wconf 87' lang='lat' dir='ltr'><strong>obser-</strong></span> 
     </span>
     <span class='ocr_line' id='line_1_17' title="bbox 121 1662 1848 1717; baseline 0.001 -15"><span class='ocrx_word' id='word_1_148' title='bbox 121 1662 332 1703; x_wconf 85' lang='lat' dir='ltr'><strong>vationem</strong></span> <span class='ocrx_word' id='word_1_149' title='bbox 364 1662 546 1717; x_wconf 84' lang='lat' dir='ltr'><strong>primam</strong></span> <span class='ocrx_word' id='word_1_150' title='bbox 581 1670 623 1704; x_wconf 90' lang='lat' dir='ltr'><strong>et</strong></span> <span class='ocrx_word' id='word_1_151' title='bbox 657 1663 896 1713; x_wconf 84' lang='lat' dir='ltr'><strong>secundam,</strong></span> <span class='ocrx_word' id='word_1_152' title='bbox 933 1671 975 1705; x_wconf 88' lang='lat' dir='ltr'><strong>et</strong></span> <span class='ocrx_word' id='word_1_153' title='bbox 1007 1663 1046 1705; x_wconf 88' lang='lat' dir='ltr'>E</span> <span class='ocrx_word' id='word_1_154' title='bbox 1080 1679 1178 1705; x_wconf 87' lang='lat' dir='ltr'><strong>area</strong></span> <span class='ocrx_word' id='word_1_155' title='bbox 1205 1665 1315 1707; x_wconf 87' lang='lat' dir='ltr'><strong>inter</strong></span> <span class='ocrx_word' id='word_1_156' title='bbox 1342 1664 1568 1706; x_wconf 86' lang='lat' dir='ltr'><strong>secundam</strong></span> <span class='ocrx_word' id='word_1_157' title='bbox 1590 1679 1640 1706; x_wconf 89' lang='lat' dir='ltr'><strong>ac</strong></span> <span class='ocrx_word' id='word_1_158' title='bbox 1667 1663 1848 1705; x_wconf 84' lang='lat' dir='ltr'><strong>tertiam.</strong></span> 
     </span>
     <span class='ocr_line' id='line_1_18' title="bbox 121 1726 1850 1791; baseline 0.001 -16"><span class='ocrx_word' id='word_1_159' title='bbox 121 1732 268 1788; x_wconf 87' lang='lat' dir='ltr'><strong>Sitque</strong></span> <span class='ocrx_word' id='word_1_160' title='bbox 299 1731 342 1774; x_wconf 90' lang='lat' dir='ltr'>T</span> <span class='ocrx_word' id='word_1_161' title='bbox 370 1741 536 1789; x_wconf 91' lang='lat' dir='ltr'><strong>tempus</strong></span> <span class='ocrx_word' id='word_1_162' title='bbox 565 1742 713 1786; x_wconf 89' lang='lat' dir='ltr'><strong>totum,</strong></span> <span class='ocrx_word' id='word_1_163' title='bbox 747 1749 831 1791; x_wconf 92' lang='lat' dir='ltr'><strong>quo</strong></span> <span class='ocrx_word' id='word_1_164' title='bbox 860 1749 957 1777; x_wconf 88' lang='lat' dir='ltr'><strong>area</strong></span> <span class='ocrx_word' id='word_1_165' title='bbox 984 1726 1073 1776; x_wconf 86' lang='lat' dir='ltr'><strong>tota</strong></span> <span class='ocrx_word' id='word_1_166' title='bbox 1102 1736 1148 1778; x_wconf 95' lang='lat' dir='ltr'>D</span> <span class='ocrx_word' id='word_1_167' title='bbox 1176 1742 1220 1786; x_wconf 82' lang='grc' dir='ltr'><strong>-Ι-</strong></span> <span class='ocrx_word' id='word_1_168' title='bbox 1248 1736 1288 1778; x_wconf 86' lang='grc' dir='ltr'>Ε</span> <span class='ocrx_word' id='word_1_169' title='bbox 1317 1736 1534 1778; x_wconf 84' lang='lat' dir='ltr'><strong>velocitate</strong></span> <span class='ocrx_word' id='word_1_170' title='bbox 1568 1743 1742 1778; x_wconf 89' lang='lat' dir='ltr'><strong>cometae</strong></span> <span class='ocrx_word' id='word_1_171' title='bbox 1771 1749 1850 1790; x_wconf 90' lang='lat' dir='ltr'><strong>per</strong></span> 
     </span>
     <span class='ocr_line' id='line_1_19' title="bbox 119 1804 1189 1860; baseline 0.003 -14"><span class='ocrx_word' id='word_1_172' title='bbox 119 1804 250 1860; x_wconf 85' lang='lat' dir='ltr'><strong>Prop.</strong></span> <span class='ocrx_word' id='word_1_173' title='bbox 273 1805 402 1848; x_wconf 86' lang='lat' dir='ltr'>XVI.</span> <span class='ocrx_word' id='word_1_174' title='bbox 424 1805 520 1847; x_wconf 85' lang='lat' dir='ltr'><strong>Lib.</strong></span> <span class='ocrx_word' id='word_1_175' title='bbox 543 1805 580 1847; x_wconf 95' lang='lat' dir='ltr'><strong>I.</strong></span> <span class='ocrx_word' id='word_1_176' title='bbox 600 1806 770 1848; x_wconf 87' lang='lat' dir='ltr'><strong>inventa</strong></span> <span class='ocrx_word' id='word_1_177' title='bbox 787 1806 968 1849; x_wconf 90' lang='lat' dir='ltr'><strong>describi</strong></span> <span class='ocrx_word' id='word_1_178' title='bbox 988 1806 1124 1849; x_wconf 91' lang='lat' dir='ltr'><strong>debet.</strong></span> <span class='ocrx_word' id='word_1_179' title='bbox 1182 1821 1189 1828; x_wconf 91' lang='lat'>·</span> 
     </span>
    </p>

    <p class='ocr_par' dir='ltr' id='par_1_6' title="bbox 99 1877 1849 2222">
     <span class='ocr_line' id='line_1_20' title="bbox 99 1877 1849 1936; baseline 0.001 -17"><span class='ocrx_word' id='word_1_180' title='bbox 99 1925 102 1928; x_wconf 18' lang='grc' dir='ltr'><strong>Δ</strong></span> <span class='ocrx_word' id='word_1_181' title='bbox 181 1877 305 1932; x_wconf 86' lang='lat' dir='ltr'><strong>Oper.</strong></span> <span class='ocrx_word' id='word_1_182' title='bbox 328 1882 368 1920; x_wconf 79' lang='lat'><strong>2.</strong></span> <span class='ocrx_word' id='word_1_183' title='bbox 400 1878 621 1934; x_wconf 86' lang='lat' dir='ltr'><strong>Augeatur</strong></span> <span class='ocrx_word' id='word_1_184' title='bbox 644 1878 696 1934; x_wconf 86' lang='lat'>(¹¹)</span> <span class='ocrx_word' id='word_1_185' title='bbox 718 1878 939 1935; x_wconf 86' lang='lat' dir='ltr'><strong>longitudo</strong></span> <span class='ocrx_word' id='word_1_186' title='bbox 957 1878 1167 1920; x_wconf 89' lang='lat' dir='ltr'><strong>nodorum</strong></span> <span class='ocrx_word' id='word_1_187' title='bbox 1185 1879 1302 1935; x_wconf 83' lang='lat' dir='ltr'><strong>plani</strong></span> <span class='ocrx_word' id='word_1_188' title='bbox 1320 1879 1592 1936; x_wconf 83' lang='lat' dir='ltr'><strong>trajectoriae3</strong></span> <span class='ocrx_word' id='word_1_189' title='bbox 1623 1878 1774 1920; x_wconf 87' lang='lat' dir='ltr'><strong>additis</strong></span> <span class='ocrx_word' id='word_1_190' title='bbox 1795 1878 1849 1920; x_wconf 86' lang='lat' dir='ltr'><strong>ad</strong></span> 
     </span>
     <span class='ocr_line' id='line_1_21' title="bbox 114 1949 1848 2007; baseline 0 -16"><span class='ocrx_word' id='word_1_191' title='bbox 114 1949 422 2006; x_wconf 88' lang='lat' dir='ltr'><strong>longitudinem</strong></span> <span class='ocrx_word' id='word_1_192' title='bbox 449 1951 565 2007; x_wconf 84' lang='lat' dir='ltr'><strong>illam</strong></span> <span class='ocrx_word' id='word_1_193' title='bbox 594 1952 677 1992; x_wconf 80' lang='lat'><strong>20&#39;.</strong></span> <span class='ocrx_word' id='word_1_194' title='bbox 698 1951 766 1991; x_wconf 85' lang='lat' dir='ltr'><strong>vel</strong></span> <span class='ocrx_word' id='word_1_195' title='bbox 787 1952 868 1992; x_wconf 82' lang='lat'><strong>30&#39;.</strong></span> <span class='ocrx_word' id='word_1_196' title='bbox 889 1966 984 2007; x_wconf 88' lang='lat' dir='ltr'><strong>quae</strong></span> <span class='ocrx_word' id='word_1_197' title='bbox 1007 1951 1200 1993; x_wconf 89' lang='lat' dir='ltr'><strong>dicantur</strong></span> <span class='ocrx_word' id='word_1_198' title='bbox 1229 1952 1289 2001; x_wconf 89' lang='lat' dir='ltr'><strong>P;</strong></span> <span class='ocrx_word' id='word_1_199' title='bbox 1320 1960 1362 1993; x_wconf 89' lang='lat' dir='ltr'><strong>et</strong></span> <span class='ocrx_word' id='word_1_200' title='bbox 1376 1959 1566 1993; x_wconf 59' lang='lat' dir='ltr'><strong>‘servetur</strong></span> <span class='ocrx_word' id='word_1_201' title='bbox 1593 1951 1710 2006; x_wconf 86' lang='lat' dir='ltr'><strong>plani</strong></span> <span class='ocrx_word' id='word_1_202' title='bbox 1738 1950 1848 1992; x_wconf 86' lang='lat' dir='ltr'><strong>illius</strong></span> 
     </span>
     <span class='ocr_line' id='line_1_22' title="bbox 119 2020 1848 2078; baseline 0.001 -17"><span class='ocrx_word' id='word_1_203' title='bbox 119 2020 336 2062; x_wconf 89' lang='lat' dir='ltr'><strong>inclinatio</strong></span> <span class='ocrx_word' id='word_1_204' title='bbox 356 2020 410 2062; x_wconf 89' lang='lat' dir='ltr'><strong>ad</strong></span> <span class='ocrx_word' id='word_1_205' title='bbox 429 2021 601 2076; x_wconf 85' lang='lat' dir='ltr'><strong>planum</strong></span> <span class='ocrx_word' id='word_1_206' title='bbox 620 2021 835 2077; x_wconf 87' lang='lat' dir='ltr'><strong>eclipticae.</strong></span> <span class='ocrx_word' id='word_1_207' title='bbox 896 2022 1066 2064; x_wconf 90' lang='lat' dir='ltr'><strong>Deinde</strong></span> <span class='ocrx_word' id='word_1_208' title='bbox 1087 2037 1142 2064; x_wconf 90' lang='lat' dir='ltr'><strong>ex</strong></span> <span class='ocrx_word' id='word_1_209' title='bbox 1161 2022 1372 2078; x_wconf 86' lang='lat' dir='ltr'><strong>praedictis</strong></span> <span class='ocrx_word' id='word_1_210' title='bbox 1392 2023 1525 2064; x_wconf 87' lang='lat' dir='ltr'><strong>tribus</strong></span> <span class='ocrx_word' id='word_1_211' title='bbox 1545 2029 1721 2064; x_wconf 83' lang='lat' dir='ltr'><strong>cometae</strong></span> <span class='ocrx_word' id='word_1_212' title='bbox 1745 2021 1848 2063; x_wconf 84' lang='lat' dir='ltr'><strong>locis</strong></span> 
     </span>
     <span class='ocr_line' id='line_1_23' title="bbox 115 2091 1843 2149; baseline 0 -15"><span class='ocrx_word' id='word_1_213' title='bbox 115 2092 357 2143; x_wconf 90' lang='lat' dir='ltr'><strong>observatis,</strong></span> <span class='ocrx_word' id='word_1_214' title='bbox 398 2093 664 2135; x_wconf 87' lang='lat' dir='ltr'><strong>inveniantur</strong></span> <span class='ocrx_word' id='word_1_215' title='bbox 701 2094 747 2134; x_wconf 92' lang='lat' dir='ltr'><strong>in</strong></span> <span class='ocrx_word' id='word_1_216' title='bbox 783 2093 866 2135; x_wconf 88' lang='lat' dir='ltr'><strong>hoc</strong></span> <span class='ocrx_word' id='word_1_217' title='bbox 904 2108 1015 2135; x_wconf 94' lang='lat' dir='ltr'><strong>novo</strong></span> <span class='ocrx_word' id='word_1_218' title='bbox 1052 2094 1181 2149; x_wconf 86' lang='lat' dir='ltr'><strong>plano</strong></span> <span class='ocrx_word' id='word_1_219' title='bbox 1219 2094 1316 2137; x_wconf 85' lang='lat' dir='ltr'><strong>loca</strong></span> <span class='ocrx_word' id='word_1_220' title='bbox 1349 2095 1430 2136; x_wconf 88' lang='lat' dir='ltr'><strong>tria</strong></span> <span class='ocrx_word' id='word_1_221' title='bbox 1463 2109 1574 2144; x_wconf 88' lang='lat' dir='ltr'><strong>vera,</strong></span> <span class='ocrx_word' id='word_1_222' title='bbox 1610 2101 1659 2135; x_wconf 88' lang='lat' dir='ltr'><strong>ut</strong></span> <span class='ocrx_word' id='word_1_223' title='bbox 1693 2091 1843 2148; x_wconf 73' lang='lat' dir='ltr'><strong>supra:</strong></span> 
     </span>
     <span class='ocr_line' id='line_1_24' title="bbox 118 2165 1847 2222; baseline -0.001 -14"><span class='ocrx_word' id='word_1_224' title='bbox 118 2165 274 2208; x_wconf 91' lang='lat' dir='ltr'><strong>deinde</strong></span> <span class='ocrx_word' id='word_1_225' title='bbox 303 2165 430 2208; x_wconf 89' lang='lat' dir='ltr'><strong>etiam</strong></span> <span class='ocrx_word' id='word_1_226' title='bbox 458 2165 571 2207; x_wconf 86' lang='lat' dir='ltr'><strong>orbis</strong></span> <span class='ocrx_word' id='word_1_227' title='bbox 600 2180 678 2222; x_wconf 90' lang='lat' dir='ltr'><strong>per</strong></span> <span class='ocrx_word' id='word_1_228' title='bbox 704 2166 798 2208; x_wconf 85' lang='lat' dir='ltr'><strong>loca</strong></span> <span class='ocrx_word' id='word_1_229' title='bbox 825 2166 895 2207; x_wconf 90' lang='lat' dir='ltr'><strong>illa</strong></span> <span class='ocrx_word' id='word_1_230' title='bbox 914 2166 1130 2217; x_wconf 82' lang='lat' dir='ltr'><strong>transiens,</strong></span> <span class='ocrx_word' id='word_1_231' title='bbox 1154 2167 1204 2222; x_wconf 87' lang='lat'><strong>(⁰)</strong></span> <span class='ocrx_word' id='word_1_232' title='bbox 1226 2174 1269 2208; x_wconf 86' lang='lat' dir='ltr'><strong>et</strong></span> <span class='ocrx_word' id='word_1_233' title='bbox 1288 2166 1473 2222; x_wconf 86' lang='lat' dir='ltr'><strong>ejusdem</strong></span> <span class='ocrx_word' id='word_1_234' title='bbox 1492 2180 1603 2207; x_wconf 87' lang='lat' dir='ltr'><strong>areae</strong></span> <span class='ocrx_word' id='word_1_235' title='bbox 1621 2165 1718 2206; x_wconf 88' lang='lat' dir='ltr'><strong>duae</strong></span> <span class='ocrx_word' id='word_1_236' title='bbox 1736 2165 1847 2206; x_wconf 92' lang='lat' dir='ltr'><strong>inter</strong></span> 
     </span>
    </p>
   </div>
   <div class='ocr_carea' id='block_1_6' title="bbox 160 2279 1843 2329">
    <p class='ocr_par' dir='ltr' id='par_1_7' title="bbox 160 2279 1843 2329">
     <span class='ocr_line' id='line_1_25' title="bbox 160 2279 1843 2329; baseline -0.002 -15"><span class='ocrx_word' id='word_1_237' title='bbox 160 2281 208 2324; x_wconf 67' lang='lat'><em>(¹³)</em></span> <span class='ocrx_word' id='word_1_238' title='bbox 226 2283 244 2301; x_wconf 73' lang='lat'>⁸</span> <span class='ocrx_word' id='word_1_239' title='bbox 261 2283 303 2314; x_wconf 83' lang='lat' dir='ltr'><strong>In</strong></span> <span class='ocrx_word' id='word_1_240' title='bbox 321 2283 452 2323; x_wconf 80' lang='lat' dir='ltr'><strong>perigaeo</strong></span> <span class='ocrx_word' id='word_1_241' title='bbox 473 2283 589 2314; x_wconf 75' lang='lat' dir='ltr'><strong>versam·</strong></span> <span class='ocrx_word' id='word_1_242' title='bbox 608 2283 756 2314; x_wconf 81' lang='lat' dir='ltr'><strong>convenit.</strong></span> <span class='ocrx_word' id='word_1_243' title='bbox 805 2283 958 2314; x_wconf 74' lang='lat' dir='ltr'><strong>Versante</strong></span> <span class='ocrx_word' id='word_1_244' title='bbox 1001 2293 1107 2314; x_wconf 66' lang='lat' dir='ltr'><strong>aroem</strong></span> <span class='ocrx_word' id='word_1_245' title='bbox 1128 2282 1210 2314; x_wconf 84' lang='lat' dir='ltr'><strong>inter</strong></span> <span class='ocrx_word' id='word_1_246' title='bbox 1223 2282 1468 2313; x_wconf 83' lang='lat' dir='ltr'><strong>observationem</strong></span> <span class='ocrx_word' id='word_1_247' title='bbox 1482 2280 1650 2312; x_wconf 87' lang='lat' dir='ltr'><strong>secundam</strong></span> <span class='ocrx_word' id='word_1_248' title='bbox 1666 2286 1698 2311; x_wconf 84' lang='lat' dir='ltr'><strong>et</strong></span> <span class='ocrx_word' id='word_1_249' title='bbox 1712 2279 1843 2329; x_wconf 77' lang='lat' dir='ltr'><strong>tertiam,</strong></span> 
     </span>
    </p>
   </div>
   <div class='ocr_carea' id='block_1_7' title="bbox 110 2324 962 3172">
    <p class='ocr_par' dir='ltr' id='par_1_8' title="bbox 114 2324 960 2452">
     <span class='ocr_line' id='line_1_26' title="bbox 114 2324 960 2367; baseline 0.001 -13"><span class='ocrx_word' id='word_1_250' title='bbox 114 2325 200 2355; x_wconf 82' lang='lat' dir='ltr'><strong>enim</strong></span> <span class='ocrx_word' id='word_1_251' title='bbox 214 2331 335 2355; x_wconf 82' lang='lat' dir='ltr'><strong>cometa</strong></span> <span class='ocrx_word' id='word_1_252' title='bbox 356 2326 390 2355; x_wconf 92' lang='lat' dir='ltr'><strong>in</strong></span> <span class='ocrx_word' id='word_1_253' title='bbox 412 2324 547 2367; x_wconf 82' lang='lat' dir='ltr'><strong>perigaeo</strong></span> <span class='ocrx_word' id='word_1_254' title='bbox 561 2325 611 2356; x_wconf 85' lang='lat' dir='ltr'><strong>vel</strong></span> <span class='ocrx_word' id='word_1_255' title='bbox 626 2326 735 2356; x_wconf 81' lang='lat' dir='ltr'><strong>saltem</strong></span> <span class='ocrx_word' id='word_1_256' title='bbox 750 2335 814 2355; x_wconf 91' lang='lat' dir='ltr'><strong>non</strong></span> <span class='ocrx_word' id='word_1_257' title='bbox 829 2325 925 2366; x_wconf 68' lang='lat' dir='ltr'><strong>longe</strong></span> <span class='ocrx_word' id='word_1_258' title='bbox 940 2336 960 2356; x_wconf 78' lang='lat' dir='ltr'><strong>a</strong></span> 
     </span>
     <span class='ocr_line' id='line_1_27' title="bbox 114 2367 922 2452; baseline 0.001 -55"><span class='ocrx_word' id='word_1_259' title='bbox 114 2367 362 2452; x_wconf 42' lang='lat' dir='ltr'><strong>peniigzozillilps</strong></span> <span class='ocrx_word' id='word_1_260' title='bbox 375 2375 517 2441; x_wconf 53' lang='lat' dir='ltr'><strong>tamus</strong></span> <span class='ocrx_word' id='word_1_261' title='bbox 494 2368 595 2409; x_wconf 84' lang='lat' dir='ltr'><strong>magis</strong></span> <span class='ocrx_word' id='word_1_262' title='bbox 608 2367 922 2442; x_wconf 42' lang='lat' dir='ltr'><strong>acamteldefinitur.</strong></span> 
     </span>
    </p>

    <p class='ocr_par' dir='ltr' id='par_1_9' title="bbox 112 2414 960 2705">
     <span class='ocr_line' id='line_1_28' title="bbox 286 2414 959 2450; baseline 0 -9"><span class='ocrx_word' id='word_1_263' title='bbox 286 2421 306 2440; x_wconf 69' lang='grc' dir='ltr'>ι</span> <span class='ocrx_word' id='word_1_264' title='bbox 341 2422 366 2441; x_wconf 71' lang='grc' dir='ltr'><strong>ιε</strong></span> <span class='ocrx_word' id='word_1_265' title='bbox 415 2422 458 2442; x_wconf 73' lang='grc' dir='ltr'>εις</span> <span class='ocrx_word' id='word_1_266' title='bbox 477 2422 508 2450; x_wconf 75' lang='grc' dir='ltr'><strong>α]</strong></span> <span class='ocrx_word' id='word_1_267' title='bbox 537 2414 638 2443; x_wconf 81' lang='lat' dir='ltr'><strong>arenti</strong></span> <span class='ocrx_word' id='word_1_268' title='bbox 773 2417 959 2442; x_wconf 70' lang='lat' dir='ltr'><strong>nveniantur</strong></span> 
     </span>
     <span class='ocr_line' id='line_1_29' title="bbox 113 2422 953 2502; baseline 0.002 -20"><span class='ocrx_word' id='word_1_269' title='bbox 113 2462 170 2492; x_wconf 85' lang='lat' dir='ltr'><strong>per</strong></span> <span class='ocrx_word' id='word_1_270' title='bbox 196 2453 401 2502; x_wconf 75' lang='lat' dir='ltr'><strong>operationes</strong></span> <span class='ocrx_word' id='word_1_271' title='bbox 417 2422 704 2493; x_wconf 55' lang='lat' dir='ltr'><strong>tfigoxissmetrims</strong></span> <span class='ocrx_word' id='word_1_272' title='bbox 713 2455 765 2495; x_wconf 86' lang='lat' dir='ltr'><strong>(ut</strong></span> <span class='ocrx_word' id='word_1_273' title='bbox 792 2454 827 2484; x_wconf 91' lang='lat' dir='ltr'><strong>in</strong></span> <span class='ocrx_word' id='word_1_274' title='bbox 858 2454 953 2493; x_wconf 78' lang='lat' dir='ltr'><strong>Ptop.</strong></span> 
     </span>
     <span class='ocr_line' id='line_1_30' title="bbox 113 2494 960 2535; baseline 0.001 -10"><span class='ocrx_word' id='word_1_275' title='bbox 113 2494 244 2534; x_wconf 73' lang='lat' dir='ltr'><strong>pmeed.</strong></span> <span class='ocrx_word' id='word_1_276' title='bbox 251 2495 264 2535; x_wconf 93' lang='lat'><em>)</em></span> <span class='ocrx_word' id='word_1_277' title='bbox 280 2495 349 2526; x_wconf 78' lang='lat' dir='ltr'><strong>loca</strong></span> <span class='ocrx_word' id='word_1_278' title='bbox 362 2495 422 2526; x_wconf 83' lang='lat' dir='ltr'><strong>tria</strong></span> <span class='ocrx_word' id='word_1_279' title='bbox 437 2506 508 2526; x_wconf 83' lang='lat' dir='ltr'><strong>vera</strong></span> <span class='ocrx_word' id='word_1_280' title='bbox 522 2502 652 2526; x_wconf 79' lang='lat' dir='ltr'><strong>cometae</strong></span> <span class='ocrx_word' id='word_1_281' title='bbox 673 2496 707 2526; x_wconf 91' lang='lat' dir='ltr'><strong>in</strong></span> <span class='ocrx_word' id='word_1_282' title='bbox 722 2502 882 2535; x_wconf 81' lang='lat' dir='ltr'><strong>assumpto</strong></span> <span class='ocrx_word' id='word_1_283' title='bbox 902 2496 960 2526; x_wconf 88' lang='lat' dir='ltr'><strong>illo</strong></span> 
     </span>
     <span class='ocr_line' id='line_1_31' title="bbox 117 2536 958 2579; baseline 0.001 -12"><span class='ocrx_word' id='word_1_284' title='bbox 117 2536 213 2576; x_wconf 86' lang='lat' dir='ltr'><strong>plano</strong></span> <span class='ocrx_word' id='word_1_285' title='bbox 227 2538 410 2579; x_wconf 83' lang='lat' dir='ltr'><strong>trajeetoriae</strong></span> <span class='ocrx_word' id='word_1_286' title='bbox 425 2544 572 2579; x_wconf 76' lang='lat' dir='ltr'><strong>tanquam</strong></span> <span class='ocrx_word' id='word_1_287' title='bbox 588 2544 741 2575; x_wconf 78' lang='lat' dir='ltr'><strong>accurato,</strong></span> <span class='ocrx_word' id='word_1_288' title='bbox 758 2539 816 2568; x_wconf 86' lang='lat' dir='ltr'><strong>hoc</strong></span> <span class='ocrx_word' id='word_1_289' title='bbox 831 2545 886 2574; x_wconf 59' lang='lat' dir='ltr'><strong>est,</strong></span> <span class='ocrx_word' id='word_1_290' title='bbox 909 2539 958 2568; x_wconf 89' lang='lat' dir='ltr'><strong>in-</strong></span> 
     </span>
     <span class='ocr_line' id='line_1_32' title="bbox 114 2579 958 2621; baseline 0.002 -12"><span class='ocrx_word' id='word_1_291' title='bbox 114 2579 279 2610; x_wconf 79' lang='lat' dir='ltr'><strong>veniantur</strong></span> <span class='ocrx_word' id='word_1_292' title='bbox 291 2581 350 2611; x_wconf 83' lang='lat' dir='ltr'><strong>tria</strong></span> <span class='ocrx_word' id='word_1_293' title='bbox 365 2580 451 2620; x_wconf 85' lang='lat' dir='ltr'><strong>prius</strong></span> <span class='ocrx_word' id='word_1_294' title='bbox 465 2581 587 2611; x_wconf 80' lang='lat' dir='ltr'><strong>definiti</strong></span> <span class='ocrx_word' id='word_1_295' title='bbox 602 2581 688 2620; x_wconf 86' lang='lat' dir='ltr'><strong>plani</strong></span> <span class='ocrx_word' id='word_1_296' title='bbox 710 2588 827 2621; x_wconf 87' lang='lat' dir='ltr'><strong>puncta</strong></span> <span class='ocrx_word' id='word_1_297' title='bbox 840 2581 872 2611; x_wconf 93' lang='lat' dir='ltr'><strong>in</strong></span> <span class='ocrx_word' id='word_1_298' title='bbox 888 2582 958 2621; x_wconf 88' lang='lat' dir='ltr'><strong>qui-</strong></span> 
     </span>
     <span class='ocr_line' id='line_1_33' title="bbox 112 2622 960 2664; baseline 0.004 -13"><span class='ocrx_word' id='word_1_299' title='bbox 112 2622 173 2652; x_wconf 84' lang='lat' dir='ltr'><strong>bus</strong></span> <span class='ocrx_word' id='word_1_300' title='bbox 186 2629 307 2653; x_wconf 82' lang='lat' dir='ltr'><strong>cometa</strong></span> <span class='ocrx_word' id='word_1_301' title='bbox 320 2623 451 2654; x_wconf 81' lang='lat' dir='ltr'><strong>eandem</strong></span> <span class='ocrx_word' id='word_1_302' title='bbox 467 2623 698 2664; x_wconf 80' lang='lat' dir='ltr'><strong>longitudinem</strong></span> <span class='ocrx_word' id='word_1_303' title='bbox 713 2634 749 2654; x_wconf 85' lang='lat' dir='ltr'><strong>ac</strong></span> <span class='ocrx_word' id='word_1_304' title='bbox 763 2623 960 2654; x_wconf 84' lang='lat' dir='ltr'><strong>latitudinem</strong></span> 
     </span>
     <span class='ocr_line' id='line_1_34' title="bbox 112 2663 870 2705; baseline 0.003 -11"><span class='ocrx_word' id='word_1_305' title='bbox 112 2663 266 2695; x_wconf 80' lang='lat' dir='ltr'><strong>obtineret</strong></span> <span class='ocrx_word' id='word_1_306' title='bbox 277 2676 375 2705; x_wconf 87' lang='lat' dir='ltr'><strong>quam</strong></span> <span class='ocrx_word' id='word_1_307' title='bbox 389 2665 496 2696; x_wconf 85' lang='lat' dir='ltr'><strong>revera</strong></span> <span class='ocrx_word' id='word_1_308' title='bbox 510 2667 624 2696; x_wconf 87' lang='lat' dir='ltr'><strong>habere</strong></span> <span class='ocrx_word' id='word_1_309' title='bbox 639 2668 828 2696; x_wconf 77' lang='lat' dir='ltr'><strong>observatur.</strong></span> <span class='ocrx_word' id='word_1_310' title='bbox 867 2688 870 2696; x_wconf 94' lang='grc'><em>,</em></span> 
     </span>
    </p>

    <p class='ocr_par' dir='ltr' id='par_1_10' title="bbox 110 2706 961 3085">
     <span class='ocr_line' id='line_1_35' title="bbox 158 2706 961 2748; baseline -0.001 -9"><span class='ocrx_word' id='word_1_311' title='bbox 158 2706 213 2748; x_wconf 84' lang='lat'>(¹¹¹)</span> <span class='ocrx_word' id='word_1_312' title='bbox 238 2709 256 2727; x_wconf 69' lang='lat'><strong>*⁸</strong></span> <span class='ocrx_word' id='word_1_313' title='bbox 279 2709 364 2748; x_wconf 74' lang='lat' dir='ltr'><strong>Ejus</strong></span> <span class='ocrx_word' id='word_1_314' title='bbox 377 2719 468 2741; x_wconf 80' lang='lat' dir='ltr'><strong>areae.</strong></span> <span class='ocrx_word' id='word_1_315' title='bbox 517 2709 569 2739; x_wconf 86' lang='lat' dir='ltr'><strong>Ex</strong></span> <span class='ocrx_word' id='word_1_316' title='bbox 595 2707 670 2739; x_wconf 84' lang='lat' dir='ltr'><strong>data</strong></span> <span class='ocrx_word' id='word_1_317' title='bbox 695 2716 825 2739; x_wconf 83' lang='lat' dir='ltr'><strong>cometae</strong></span> <span class='ocrx_word' id='word_1_318' title='bbox 850 2707 961 2739; x_wconf 79' lang='lat' dir='ltr'><strong>semita</strong></span> 
     </span>
     <span class='ocr_line' id='line_1_36' title="bbox 114 2748 961 2792; baseline 0.001 -13"><span class='ocrx_word' id='word_1_319' title='bbox 114 2748 245 2788; x_wconf 83' lang='lat' dir='ltr'><strong>ejusque</strong></span> <span class='ocrx_word' id='word_1_320' title='bbox 268 2751 405 2789; x_wconf 84' lang='lat' dir='ltr'><strong>partium</strong></span> <span class='ocrx_word' id='word_1_321' title='bbox 426 2751 656 2792; x_wconf 82' lang='lat' dir='ltr'><strong>magnitudine,</strong></span> <span class='ocrx_word' id='word_1_322' title='bbox 680 2758 820 2790; x_wconf 82' lang='lat' dir='ltr'><strong>respectu</strong></span> <span class='ocrx_word' id='word_1_323' title='bbox 842 2751 961 2781; x_wconf 83' lang='lat' dir='ltr'><strong>semitae</strong></span> 
     </span>
     <span class='ocr_line' id='line_1_37' title="bbox 116 2791 960 2833; baseline 0.004 -12"><span class='ocrx_word' id='word_1_324' title='bbox 116 2791 253 2822; x_wconf 82' lang='lat' dir='ltr'><strong>Telluris</strong></span> <span class='ocrx_word' id='word_1_325' title='bbox 273 2792 401 2833; x_wconf 84' lang='lat' dir='ltr'><strong>ejusque</strong></span> <span class='ocrx_word' id='word_1_326' title='bbox 421 2796 568 2833; x_wconf 85' lang='lat' dir='ltr'><strong>partium,</strong></span> <span class='ocrx_word' id='word_1_327' title='bbox 593 2794 719 2824; x_wconf 83' lang='lat' dir='ltr'><strong>dabitur</strong></span> <span class='ocrx_word' id='word_1_328' title='bbox 738 2793 883 2824; x_wconf 80' lang='lat' dir='ltr'><strong>velocitas</strong></span> <span class='ocrx_word' id='word_1_329' title='bbox 897 2804 960 2833; x_wconf 87' lang='lat' dir='ltr'><strong>qua</strong></span> 
     </span>
     <span class='ocr_line' id='line_1_38' title="bbox 112 2833 960 2877; baseline 0.004 -14"><span class='ocrx_word' id='word_1_330' title='bbox 112 2840 234 2864; x_wconf 81' lang='lat' dir='ltr'><strong>cometa</strong></span> <span class='ocrx_word' id='word_1_331' title='bbox 255 2833 343 2865; x_wconf 83' lang='lat' dir='ltr'><strong>illam</strong></span> <span class='ocrx_word' id='word_1_332' title='bbox 365 2835 517 2871; x_wconf 63' lang='lat' dir='ltr'><strong>describit,</strong></span> <span class='ocrx_word' id='word_1_333' title='bbox 541 2834 677 2877; x_wconf 81' lang='lat' dir='ltr'><strong>ide6que</strong></span> <span class='ocrx_word' id='word_1_334' title='bbox 692 2836 816 2867; x_wconf 84' lang='lat' dir='ltr'><strong>dabitur</strong></span> <span class='ocrx_word' id='word_1_335' title='bbox 835 2842 960 2874; x_wconf 84' lang='lat' dir='ltr'><strong>tempus</strong></span> 
     </span>
     <span class='ocr_line' id='line_1_39' title="bbox 111 2878 955 2919; baseline 0.004 -14"><span class='ocrx_word' id='word_1_336' title='bbox 111 2886 176 2916; x_wconf 88' lang='lat' dir='ltr'><strong>quo</strong></span> <span class='ocrx_word' id='word_1_337' title='bbox 197 2884 320 2907; x_wconf 85' lang='lat' dir='ltr'><strong>cometa</strong></span> <span class='ocrx_word' id='word_1_338' title='bbox 340 2887 428 2909; x_wconf 71' lang='lat' dir='ltr'><strong>aroes</strong></span> <span class='ocrx_word' id='word_1_339' title='bbox 441 2878 551 2909; x_wconf 78' lang='lat' dir='ltr'><strong>duas·</strong></span> <span class='ocrx_word' id='word_1_340' title='bbox 536 2890 605 2919; x_wconf 73' lang='lat' dir='ltr'><strong>Jam</strong></span> <span class='ocrx_word' id='word_1_341' title='bbox 627 2880 770 2909; x_wconf 74' lang='lat' dir='ltr'><strong>inventas</strong></span> <span class='ocrx_word' id='word_1_342' title='bbox 794 2879 955 2918; x_wconf 83' lang='lat' dir='ltr'><strong>percurrit.</strong></span> 
     </span>
     <span class='ocr_line' id='line_1_40' title="bbox 114 2919 960 2961; baseline 0.001 -11"><span class='ocrx_word' id='word_1_343' title='bbox 114 2919 255 2957; x_wconf 84' lang='lat' dir='ltr'><strong>Tempus</strong></span> <span class='ocrx_word' id='word_1_344' title='bbox 282 2919 363 2950; x_wconf 88' lang='lat' dir='ltr'><strong>illud</strong></span> <span class='ocrx_word' id='word_1_345' title='bbox 390 2925 494 2951; x_wconf 85' lang='lat' dir='ltr'><strong>totum</strong></span> <span class='ocrx_word' id='word_1_346' title='bbox 521 2921 646 2952; x_wconf 86' lang='lat' dir='ltr'><strong>dicatur</strong></span> <span class='ocrx_word' id='word_1_347' title='bbox 681 2922 720 2958; x_wconf 92' lang='lat' dir='ltr'><strong>T,</strong></span> <span class='ocrx_word' id='word_1_348' title='bbox 759 2921 960 2961; x_wconf 77' lang='lat' dir='ltr'><strong>capiaturque</strong></span> 
     </span>
     <span class='ocr_line' id='line_1_41' title="bbox 110 2962 960 3003; baseline 0.001 -12"><span class='ocrx_word' id='word_1_349' title='bbox 110 2971 262 2992; x_wconf 80' lang='lat' dir='ltr'><strong>numerus</strong></span> <span class='ocrx_word' id='word_1_350' title='bbox 279 2962 316 2996; x_wconf 88' lang='lat' dir='ltr'><strong>C,</strong></span> <span class='ocrx_word' id='word_1_351' title='bbox 334 2962 388 3002; x_wconf 84' lang='lat' dir='ltr'><strong>qui</strong></span> <span class='ocrx_word' id='word_1_352' title='bbox 403 2962 443 2993; x_wconf 87' lang='lat' dir='ltr'><strong>sit</strong></span> <span class='ocrx_word' id='word_1_353' title='bbox 456 2962 496 2993; x_wconf 81' lang='lat' dir='ltr'><strong>ad</strong></span> <span class='ocrx_word' id='word_1_354' title='bbox 513 2967 541 2998; x_wconf 86' lang='lat'><strong>1,</strong></span> <span class='ocrx_word' id='word_1_355' title='bbox 565 2971 603 2994; x_wconf 83' lang='lat' dir='ltr'><strong>ut</strong></span> <span class='ocrx_word' id='word_1_356' title='bbox 617 2970 742 3003; x_wconf 84' lang='lat' dir='ltr'><strong>tempus</strong></span> <span class='ocrx_word' id='word_1_357' title='bbox 761 2964 842 2994; x_wconf 85' lang='lat' dir='ltr'><strong>inter</strong></span> <span class='ocrx_word' id='word_1_358' title='bbox 857 2964 960 2993; x_wconf 86' lang='lat' dir='ltr'><strong>obser-</strong></span> 
     </span>
     <span class='ocr_line' id='line_1_42' title="bbox 111 3003 959 3045; baseline 0.002 -12"><span class='ocrx_word' id='word_1_359' title='bbox 111 3003 267 3034; x_wconf 84' lang='lat' dir='ltr'><strong>vationem</strong></span> <span class='ocrx_word' id='word_1_360' title='bbox 288 3004 422 3043; x_wconf 88' lang='lat' dir='ltr'><strong>primam</strong></span> <span class='ocrx_word' id='word_1_361' title='bbox 436 3011 468 3035; x_wconf 82' lang='lat' dir='ltr'><strong>et</strong></span> <span class='ocrx_word' id='word_1_362' title='bbox 481 3007 653 3037; x_wconf 81' lang='lat' dir='ltr'><strong>secundam</strong></span> <span class='ocrx_word' id='word_1_363' title='bbox 672 3006 712 3037; x_wconf 85' lang='lat' dir='ltr'><strong>ad</strong></span> <span class='ocrx_word' id='word_1_364' title='bbox 733 3013 858 3045; x_wconf 83' lang='lat' dir='ltr'><strong>tempus</strong></span> <span class='ocrx_word' id='word_1_365' title='bbox 879 3007 959 3035; x_wconf 84' lang='lat' dir='ltr'><strong>inter</strong></span> 
     </span>
     <span class='ocr_line' id='line_1_43' title="bbox 111 3046 961 3085; baseline 0.002 -9"><span class='ocrx_word' id='word_1_366' title='bbox 111 3046 355 3077; x_wconf 79' lang='lat' dir='ltr'><strong>observationem</strong></span> <span class='ocrx_word' id='word_1_367' title='bbox 371 3047 543 3078; x_wconf 83' lang='lat' dir='ltr'><strong>secundam</strong></span> <span class='ocrx_word' id='word_1_368' title='bbox 559 3055 592 3079; x_wconf 88' lang='lat' dir='ltr'><strong>et</strong></span> <span class='ocrx_word' id='word_1_369' title='bbox 604 3049 740 3085; x_wconf 78' lang='lat' dir='ltr'><strong>tertiam,</strong></span> <span class='ocrx_word' id='word_1_370' title='bbox 764 3049 824 3078; x_wconf 88' lang='lat' dir='ltr'><strong>hoc</strong></span> <span class='ocrx_word' id='word_1_371' title='bbox 845 3054 900 3085; x_wconf 83' lang='lat' dir='ltr'><strong>est,</strong></span> <span class='ocrx_word' id='word_1_372' title='bbox 923 3054 961 3080; x_wconf 85' lang='lat' dir='ltr'><strong>ut</strong></span> 
     </span>
    </p>

    <p class='ocr_par' dir='ltr' id='par_1_11' title="bbox 110 3087 962 3172">
     <span class='ocr_line' id='line_1_44' title="bbox 115 3087 961 3129; baseline 0.002 -11.112"><span class='ocrx_word' id='word_1_373' title='bbox 115 3087 208 3118; x_wconf 87' lang='lat' dir='ltr'><strong>A&#39;ad</strong></span> <span class='ocrx_word' id='word_1_374' title='bbox 231 3090 292 3119; x_wconf 90' lang='grc' dir='ltr'><strong>Β.·</strong></span> <span class='ocrx_word' id='word_1_375' title='bbox 319 3089 468 3119; x_wconf 88' lang='lat' dir='ltr'><strong>Sumatur</strong></span> <span class='ocrx_word' id='word_1_376' title='bbox 489 3090 641 3129; x_wconf 67' lang='lat' dir='ltr'><strong>praeterea</strong></span> <span class='ocrx_word' id='word_1_377' title='bbox 661 3092 692 3122; x_wconf 92' lang='lat' dir='ltr'>G</span> <span class='ocrx_word' id='word_1_378' title='bbox 706 3091 748 3122; x_wconf 81' lang='lat' dir='ltr'><strong>ad</strong></span> <span class='ocrx_word' id='word_1_379' title='bbox 772 3094 800 3128; x_wconf 88' lang='lat'><strong>1,</strong></span> <span class='ocrx_word' id='word_1_380' title='bbox 823 3096 860 3121; x_wconf 85' lang='lat' dir='ltr'><strong>ut</strong></span> <span class='ocrx_word' id='word_1_381' title='bbox 881 3100 961 3121; x_wconf 82' lang='lat' dir='ltr'><strong>areae</strong></span> 
     </span>
     <span class='ocr_line' id='line_1_45' title="bbox 110 3130 962 3172; baseline 0.004 -12"><span class='ocrx_word' id='word_1_382' title='bbox 110 3130 192 3160; x_wconf 85' lang='lat' dir='ltr'><strong>inter</strong></span> <span class='ocrx_word' id='word_1_383' title='bbox 215 3131 465 3162; x_wconf 83' lang='lat' dir='ltr'><strong>observationem</strong></span> <span class='ocrx_word' id='word_1_384' title='bbox 495 3131 631 3172; x_wconf 83' lang='lat' dir='ltr'><strong>primam</strong></span> <span class='ocrx_word' id='word_1_385' title='bbox 661 3140 695 3166; x_wconf 85' lang='lat' dir='ltr'><strong>et</strong></span> <span class='ocrx_word' id='word_1_386' title='bbox 723 3132 892 3165; x_wconf 82' lang='lat' dir='ltr'><strong>secundam</strong></span> <span class='ocrx_word' id='word_1_387' title='bbox 920 3132 962 3163; x_wconf 90' lang='lat' dir='ltr'><strong>ad</strong></span> 
     </span>
    </p>
   </div>
   <div class='ocr_carea' id='block_1_8' title="bbox 155 3188 986 3221">
    <p class='ocr_par' dir='ltr' id='par_1_12' title="bbox 155 3188 986 3221">
     <span class='ocr_line' id='line_1_46' title="bbox 155 3188 986 3221; baseline 0.008 -3"><span class='ocrx_word' id='word_1_388' title='bbox 155 3188 236 3219; x_wconf 74' lang='lat' dir='ltr'><strong>Vox..</strong></span> <span class='ocrx_word' id='word_1_389' title='bbox 257 3189 328 3220; x_wconf 91' lang='lat'><strong>111.</strong></span> <span class='ocrx_word' id='word_1_390' title='bbox 349 3189 440 3221; x_wconf 61' lang='lat' dir='ltr'><strong>Pus</strong></span> <span class='ocrx_word' id='word_1_391' title='bbox 455 3189 506 3221; x_wconf 90' lang='grc' dir='ltr'><strong>ΙΙ.</strong></span> <span class='ocrx_word' id='word_1_392' title='bbox 950 3189 986 3221; x_wconf 85' lang='lat' dir='ltr'>N</span> 
     </span>
    </p>
   </div>
   <div class='ocr_carea' id='block_1_9' title="bbox 1000 2319 1887 3174">
    <p class='ocr_par' dir='ltr' id='par_1_13' title="bbox 1000 2319 1887 2959">
     <span class='ocr_line' id='line_1_47' title="bbox 1000 2319 1883 2365; baseline -0.003 -9"><span class='ocrx_word' id='word_1_393' title='bbox 1000 2326 1035 2356; x_wconf 90' lang='lat' dir='ltr'><strong>id</strong></span> <span class='ocrx_word' id='word_1_394' title='bbox 1060 2332 1114 2363; x_wconf 86' lang='lat' dir='ltr'><strong>est,</strong></span> <span class='ocrx_word' id='word_1_395' title='bbox 1138 2332 1176 2356; x_wconf 90' lang='lat' dir='ltr'><strong>ut</strong></span> <span class='ocrx_word' id='word_1_396' title='bbox 1203 2326 1237 2356; x_wconf 92' lang='lat' dir='ltr'>D</span> <span class='ocrx_word' id='word_1_397' title='bbox 1263 2325 1303 2356; x_wconf 85' lang='lat' dir='ltr'><strong>ad</strong></span> <span class='ocrx_word' id='word_1_398' title='bbox 1330 2325 1384 2363; x_wconf 82' lang='grc' dir='ltr'><strong>Ε;</strong></span> <span class='ocrx_word' id='word_1_399' title='bbox 1407 2325 1515 2356; x_wconf 82' lang='lat' dir='ltr'><strong>eadem</strong></span> <span class='ocrx_word' id='word_1_400' title='bbox 1538 2334 1662 2365; x_wconf 90' lang='lat' dir='ltr'><strong>quoque</strong></span> <span class='ocrx_word' id='word_1_401' title='bbox 1687 2324 1745 2354; x_wconf 83' lang='lat' dir='ltr'><strong>erit</strong></span> <span class='ocrx_word' id='word_1_402' title='bbox 1767 2319 1883 2353; x_wconf 61' lang='lat' dir='ltr'><strong>ratio&#39;</strong></span> 
     </span>
     <span class='ocr_line' id='line_1_48' title="bbox 1000 2365 1887 2409; baseline -0.003 -11"><span class='ocrx_word' id='word_1_403' title='bbox 1000 2368 1082 2399; x_wconf 85' lang='lat' dir='ltr'><strong>inter</strong></span> <span class='ocrx_word' id='word_1_404' title='bbox 1103 2374 1244 2407; x_wconf 82' lang='lat' dir='ltr'><strong>tempora</strong></span> <span class='ocrx_word' id='word_1_405' title='bbox 1264 2368 1378 2409; x_wconf 81' lang='lat' dir='ltr'><strong>quibus</strong></span> <span class='ocrx_word' id='word_1_406' title='bbox 1398 2378 1478 2398; x_wconf 87' lang='lat' dir='ltr'><strong>areae</strong></span> <span class='ocrx_word' id='word_1_407' title='bbox 1498 2367 1566 2397; x_wconf 82' lang='lat' dir='ltr'><strong>illae</strong></span> <span class='ocrx_word' id='word_1_408' title='bbox 1575 2366 1668 2397; x_wconf 89' lang='lat' dir='ltr'><strong>radiis</strong></span> <span class='ocrx_word' id='word_1_409' title='bbox 1682 2366 1722 2396; x_wconf 86' lang='lat' dir='ltr'><strong>ad</strong></span> <span class='ocrx_word' id='word_1_410' title='bbox 1740 2365 1844 2396; x_wconf 81' lang='lat' dir='ltr'><strong>Solem</strong></span> <span class='ocrx_word' id='word_1_411' title='bbox 1884 2365 1887 2369; x_wconf 83' lang='grc'><strong>’</strong></span> 
     </span>
     <span class='ocr_line' id='line_1_49' title="bbox 1001 2408 1844 2448; baseline -0.004 -7"><span class='ocrx_word' id='word_1_412' title='bbox 1001 2410 1104 2441; x_wconf 88' lang='lat' dir='ltr'><strong>ductis</strong></span> <span class='ocrx_word' id='word_1_413' title='bbox 1118 2410 1338 2441; x_wconf 83' lang='lat' dir='ltr'><strong>describentur.</strong></span> <span class='ocrx_word' id='word_1_414' title='bbox 1388 2410 1436 2441; x_wconf 84' lang='lat' dir='ltr'><strong>Sit</strong></span> <span class='ocrx_word' id='word_1_415' title='bbox 1452 2411 1488 2448; x_wconf 90' lang='lat' dir='ltr'><strong>S,</strong></span> <span class='ocrx_word' id='word_1_416' title='bbox 1500 2416 1624 2448; x_wconf 88' lang='lat' dir='ltr'><strong>tempus</strong></span> <span class='ocrx_word' id='word_1_417' title='bbox 1637 2418 1744 2439; x_wconf 79' lang='lat' dir='ltr'><strong>verum</strong></span> <span class='ocrx_word' id='word_1_418' title='bbox 1762 2408 1844 2438; x_wconf 83' lang='lat' dir='ltr'><strong>inter</strong></span> 
     </span>
     <span class='ocr_line' id='line_1_50' title="bbox 1001 2450 1844 2500; baseline -0.005 -16"><span class='ocrx_word' id='word_1_419' title='bbox 1001 2453 1242 2484; x_wconf 86' lang='lat' dir='ltr'><strong>observationem</strong></span> <span class='ocrx_word' id='word_1_420' title='bbox 1258 2453 1390 2492; x_wconf 85' lang='lat' dir='ltr'><strong>primam</strong></span> <span class='ocrx_word' id='word_1_421' title='bbox 1405 2459 1437 2483; x_wconf 85' lang='lat' dir='ltr'><strong>et</strong></span> <span class='ocrx_word' id='word_1_422' title='bbox 1451 2452 1581 2483; x_wconf 85' lang='lat' dir='ltr'><strong>tertiam.</strong></span> <span class='ocrx_word' id='word_1_423' title='bbox 1629 2452 1662 2482; x_wconf 90' lang='lat' dir='ltr'><strong>Si</strong></span> <span class='ocrx_word' id='word_1_424' title='bbox 1675 2450 1844 2500; x_wconf 83' lang='lat' dir='ltr'><strong>reperiatur</strong></span> 
     </span>
     <span class='ocr_line' id='line_1_51' title="bbox 1004 2493 1844 2534; baseline -0.005 -7"><span class='ocrx_word' id='word_1_425' title='bbox 1004 2497 1093 2527; x_wconf 93' lang='lat' dir='ltr'><strong>T=</strong></span> <span class='ocrx_word' id='word_1_426' title='bbox 1117 2496 1148 2532; x_wconf 92' lang='lat' dir='ltr'><strong>S,</strong></span> <span class='ocrx_word' id='word_1_427' title='bbox 1174 2502 1206 2526; x_wconf 88' lang='lat' dir='ltr'><strong>et</strong></span> <span class='ocrx_word' id='word_1_428' title='bbox 1233 2496 1325 2526; x_wconf 90' lang='lat' dir='ltr'><strong>G—</strong></span> <span class='ocrx_word' id='word_1_429' title='bbox 1278 2509 1325 2526; x_wconf 90' lang='lat'><strong><em>=</em></strong></span> <span class='ocrx_word' id='word_1_430' title='bbox 1344 2496 1381 2533; x_wconf 87' lang='lat' dir='ltr'><strong>C,</strong></span> <span class='ocrx_word' id='word_1_431' title='bbox 1407 2495 1531 2526; x_wconf 85' lang='lat' dir='ltr'><strong>inventa</strong></span> <span class='ocrx_word' id='word_1_432' title='bbox 1554 2494 1638 2533; x_wconf 89' lang='lat' dir='ltr'><strong>plani</strong></span> <span class='ocrx_word' id='word_1_433' title='bbox 1663 2493 1844 2534; x_wconf 75' lang='lat' dir='ltr'><strong>tmjectoriae</strong></span> 
     </span>
     <span class='ocr_line' id='line_1_52' title="bbox 1001 2536 1844 2584; baseline -0.005 -15"><span class='ocrx_word' id='word_1_434' title='bbox 1001 2539 1114 2578; x_wconf 78' lang='lat' dir='ltr'><strong>positio</strong></span> <span class='ocrx_word' id='word_1_435' title='bbox 1129 2549 1199 2569; x_wconf 85' lang='lat' dir='ltr'><strong>vera</strong></span> <span class='ocrx_word' id='word_1_436' title='bbox 1213 2538 1271 2568; x_wconf 84' lang='lat' dir='ltr'><strong>erit</strong></span> <span class='ocrx_word' id='word_1_437' title='bbox 1284 2544 1315 2569; x_wconf 88' lang='lat' dir='ltr'><strong>et</strong></span> <span class='ocrx_word' id='word_1_438' title='bbox 1335 2543 1487 2574; x_wconf 83' lang='lat' dir='ltr'><strong>accurata,</strong></span> <span class='ocrx_word' id='word_1_439' title='bbox 1510 2537 1597 2567; x_wconf 64' lang='lat' dir='ltr'><strong>nulla</strong></span> <span class='ocrx_word' id='word_1_440' title='bbox 1617 2536 1762 2584; x_wconf 75' lang='lat' dir='ltr'><strong>indigens</strong></span> <span class='ocrx_word' id='word_1_441' title='bbox 1775 2545 1844 2566; x_wconf 87' lang='lat' dir='ltr'><strong>cor-</strong></span> 
     </span>
     <span class='ocr_line' id='line_1_53' title="bbox 1002 2579 1844 2616; baseline -0.005 -5"><span class='ocrx_word' id='word_1_442' title='bbox 1002 2582 1148 2612; x_wconf 83' lang='lat' dir='ltr'><strong>rectione.</strong></span> <span class='ocrx_word' id='word_1_443' title='bbox 1192 2581 1248 2612; x_wconf 90' lang='lat' dir='ltr'><strong>Sin</strong></span> <span class='ocrx_word' id='word_1_444' title='bbox 1262 2580 1358 2615; x_wconf 86' lang='lat' dir='ltr'><strong>aliter,</strong></span> <span class='ocrx_word' id='word_1_445' title='bbox 1375 2580 1433 2611; x_wconf 85' lang='lat' dir='ltr'><strong>erit</strong></span> <span class='ocrx_word' id='word_1_446' title='bbox 1449 2581 1479 2611; x_wconf 91' lang='lat' dir='ltr'><strong>T</strong></span> <span class='ocrx_word' id='word_1_447' title='bbox 1491 2597 1536 2604; x_wconf 99' lang='lat'><strong>—</strong></span> <span class='ocrx_word' id='word_1_448' title='bbox 1553 2580 1584 2616; x_wconf 89' lang='lat' dir='ltr'><strong>S,</strong></span> <span class='ocrx_word' id='word_1_449' title='bbox 1608 2589 1691 2609; x_wconf 84' lang='lat' dir='ltr'><strong>error</strong></span> <span class='ocrx_word' id='word_1_450' title='bbox 1712 2579 1745 2608; x_wconf 86' lang='lat' dir='ltr'><strong>in</strong></span> <span class='ocrx_word' id='word_1_451' title='bbox 1764 2584 1844 2608; x_wconf 87' lang='lat' dir='ltr'><strong>tem-</strong></span> 
     </span>
     <span class='ocr_line' id='line_1_54' title="bbox 1003 2620 1845 2663; baseline -0.004 -9"><span class='ocrx_word' id='word_1_452' title='bbox 1003 2634 1079 2663; x_wconf 88' lang='lat' dir='ltr'><strong>pore</strong></span> <span class='ocrx_word' id='word_1_453' title='bbox 1093 2629 1158 2654; x_wconf 88' lang='lat' dir='ltr'><strong>toto</strong></span> <span class='ocrx_word' id='word_1_454' title='bbox 1172 2623 1253 2654; x_wconf 87' lang='lat' dir='ltr'><strong>inter</strong></span> <span class='ocrx_word' id='word_1_455' title='bbox 1266 2623 1508 2654; x_wconf 78' lang='lat' dir='ltr'><strong>observationem</strong></span> <span class='ocrx_word' id='word_1_456' title='bbox 1529 2623 1662 2662; x_wconf 87' lang='lat' dir='ltr'><strong>primam</strong></span> <span class='ocrx_word' id='word_1_457' title='bbox 1676 2627 1708 2652; x_wconf 86' lang='lat' dir='ltr'><strong>et</strong></span> <span class='ocrx_word' id='word_1_458' title='bbox 1721 2620 1845 2651; x_wconf 83' lang='lat' dir='ltr'><strong>tertiam</strong></span> 
     </span>
     <span class='ocr_line' id='line_1_55' title="bbox 1003 2662 1844 2714; baseline -0.004 -18"><span class='ocrx_word' id='word_1_459' title='bbox 1003 2673 1099 2703; x_wconf 87' lang='lat' dir='ltr'><strong>ortus,</strong></span> <span class='ocrx_word' id='word_1_460' title='bbox 1130 2666 1279 2696; x_wconf 89' lang='lat' dir='ltr'><strong>nimirum</strong></span> <span class='ocrx_word' id='word_1_461' title='bbox 1305 2675 1343 2696; x_wconf 88' lang='lat' dir='ltr'><strong>ex</strong></span> <span class='ocrx_word' id='word_1_462' title='bbox 1368 2665 1520 2705; x_wconf 84' lang='lat' dir='ltr'><strong>positione</strong></span> <span class='ocrx_word' id='word_1_463' title='bbox 1548 2664 1634 2703; x_wconf 83' lang='lat' dir='ltr'><strong>plani</strong></span> <span class='ocrx_word' id='word_1_464' title='bbox 1663 2662 1844 2714; x_wconf 79' lang='lat' dir='ltr'><strong>trajectoriae</strong></span> 
     </span>
     <span class='ocr_line' id='line_1_56' title="bbox 1002 2704 1845 2746; baseline -0.005 -7"><span class='ocrx_word' id='word_1_465' title='bbox 1002 2710 1110 2739; x_wconf 86' lang='lat' dir='ltr'><strong>minus</strong></span> <span class='ocrx_word' id='word_1_466' title='bbox 1125 2708 1279 2746; x_wconf 85' lang='lat' dir='ltr'><strong>accurata,</strong></span> <span class='ocrx_word' id='word_1_467' title='bbox 1295 2714 1326 2738; x_wconf 86' lang='lat' dir='ltr'><strong>et</strong></span> <span class='ocrx_word' id='word_1_468' title='bbox 1344 2708 1375 2739; x_wconf 87' lang='lat' dir='ltr'>G</span> <span class='ocrx_word' id='word_1_469' title='bbox 1388 2725 1431 2732; x_wconf 93' lang='lat'><em>-</em></span> <span class='ocrx_word' id='word_1_470' title='bbox 1449 2709 1487 2744; x_wconf 93' lang='lat' dir='ltr'><strong>C,</strong></span> <span class='ocrx_word' id='word_1_471' title='bbox 1510 2707 1570 2738; x_wconf 83' lang='lat' dir='ltr'><strong>erit</strong></span> <span class='ocrx_word' id='word_1_472' title='bbox 1584 2717 1667 2737; x_wconf 87' lang='lat' dir='ltr'><strong>error</strong></span> <span class='ocrx_word' id='word_1_473' title='bbox 1681 2717 1718 2736; x_wconf 87' lang='lat' dir='ltr'><strong>ex</strong></span> <span class='ocrx_word' id='word_1_474' title='bbox 1733 2704 1845 2736; x_wconf 80' lang='lat' dir='ltr'><strong>eadem</strong></span> 
     </span>
     <span class='ocr_line' id='line_1_57' title="bbox 1004 2748 1843 2790; baseline -0.004 -9"><span class='ocrx_word' id='word_1_475' title='bbox 1004 2762 1100 2782; x_wconf 83' lang='lat' dir='ltr'><strong>causa</strong></span> <span class='ocrx_word' id='word_1_476' title='bbox 1113 2757 1199 2782; x_wconf 80' lang='lat' dir='ltr'><strong>ortus</strong></span> <span class='ocrx_word' id='word_1_477' title='bbox 1220 2751 1254 2780; x_wconf 86' lang='lat' dir='ltr'><strong>in</strong></span> <span class='ocrx_word' id='word_1_478' title='bbox 1267 2750 1386 2781; x_wconf 79' lang='lat' dir='ltr'><strong>ratione</strong></span> <span class='ocrx_word' id='word_1_479' title='bbox 1399 2750 1546 2790; x_wconf 85' lang='lat' dir='ltr'><strong>temporis</strong></span> <span class='ocrx_word' id='word_1_480' title='bbox 1566 2750 1646 2779; x_wconf 86' lang='lat' dir='ltr'><strong>inter</strong></span> <span class='ocrx_word' id='word_1_481' title='bbox 1660 2748 1843 2779; x_wconf 73' lang='lat' dir='ltr'><strong>observatio-</strong></span> 
     </span>
     <span class='ocr_line' id='line_1_58' title="bbox 1004 2791 1844 2833; baseline -0.002 -9"><span class='ocrx_word' id='word_1_482' title='bbox 1004 2804 1077 2825; x_wconf 87' lang='lat' dir='ltr'><strong>nem</strong></span> <span class='ocrx_word' id='word_1_483' title='bbox 1100 2794 1232 2833; x_wconf 87' lang='lat' dir='ltr'><strong>primam</strong></span> <span class='ocrx_word' id='word_1_484' title='bbox 1247 2801 1279 2824; x_wconf 82' lang='lat' dir='ltr'><strong>et</strong></span> <span class='ocrx_word' id='word_1_485' title='bbox 1293 2792 1471 2829; x_wconf 72' lang='lat' dir='ltr'><strong>secundam,</strong></span> <span class='ocrx_word' id='word_1_486' title='bbox 1493 2791 1534 2823; x_wconf 82' lang='lat' dir='ltr'><strong>ad</strong></span> <span class='ocrx_word' id='word_1_487' title='bbox 1548 2798 1672 2831; x_wconf 85' lang='lat' dir='ltr'><strong>tempus</strong></span> <span class='ocrx_word' id='word_1_488' title='bbox 1693 2791 1774 2821; x_wconf 81' lang='lat' dir='ltr'><strong>inter</strong></span> <span class='ocrx_word' id='word_1_489' title='bbox 1787 2792 1844 2822; x_wconf 86' lang='lat' dir='ltr'><strong>ob-</strong></span> 
     </span>
     <span class='ocr_line' id='line_1_59' title="bbox 1003 2835 1844 2873; baseline -0.004 -7"><span class='ocrx_word' id='word_1_490' title='bbox 1003 2836 1207 2867; x_wconf 75' lang='lat' dir='ltr'><strong>servationem</strong></span> <span class='ocrx_word' id='word_1_491' title='bbox 1222 2835 1390 2866; x_wconf 85' lang='lat' dir='ltr'><strong>secundam</strong></span> <span class='ocrx_word' id='word_1_492' title='bbox 1405 2843 1436 2866; x_wconf 89' lang='lat' dir='ltr'><strong>et</strong></span> <span class='ocrx_word' id='word_1_493' title='bbox 1450 2835 1582 2870; x_wconf 76' lang='lat' dir='ltr'><strong>tertiam,</strong></span> <span class='ocrx_word' id='word_1_494' title='bbox 1597 2842 1635 2864; x_wconf 84' lang='lat' dir='ltr'><strong>ut</strong></span> <span class='ocrx_word' id='word_1_495' title='bbox 1649 2839 1733 2873; x_wconf 83' lang='lat' dir='ltr'><strong>patet</strong></span> <span class='ocrx_word' id='word_1_496' title='bbox 1742 2846 1753 2871; x_wconf 87' lang='lat'>;</span> <span class='ocrx_word' id='word_1_497' title='bbox 1763 2838 1844 2863; x_wconf 69' lang='lat' dir='ltr'><strong>vnam</strong></span> 
     </span>
     <span class='ocr_line' id='line_1_60' title="bbox 1003 2878 1845 2919; baseline -0.004 -10"><span class='ocrx_word' id='word_1_498' title='bbox 1003 2879 1037 2909; x_wconf 92' lang='lat' dir='ltr'><strong>in</strong></span> <span class='ocrx_word' id='word_1_499' title='bbox 1049 2884 1180 2919; x_wconf 86' lang='lat' dir='ltr'><strong>utroque</strong></span> <span class='ocrx_word' id='word_1_500' title='bbox 1189 2888 1263 2909; x_wconf 79' lang='lat' dir='ltr'><strong>casu</strong></span> <span class='ocrx_word' id='word_1_501' title='bbox 1275 2878 1380 2908; x_wconf 85' lang='lat' dir='ltr'><strong>unitas</strong></span> <span class='ocrx_word' id='word_1_502' title='bbox 1389 2884 1555 2916; x_wconf 82' lang='lat' dir='ltr'><strong>usurpatur</strong></span> <span class='ocrx_word' id='word_1_503' title='bbox 1565 2887 1621 2917; x_wconf 85' lang='lat' dir='ltr'><strong>pro</strong></span> <span class='ocrx_word' id='word_1_504' title='bbox 1637 2882 1845 2917; x_wconf 75' lang='lat' dir='ltr'><strong>consequente</strong></span> 
     </span>
     <span class='ocr_line' id='line_1_61' title="bbox 1002 2921 1473 2959; baseline -0.004 -7"><span class='ocrx_word' id='word_1_505' title='bbox 1002 2921 1130 2952; x_wconf 84' lang='lat' dir='ltr'><strong>rationis</strong></span> <span class='ocrx_word' id='word_1_506' title='bbox 1144 2921 1224 2951; x_wconf 86' lang='lat' dir='ltr'><strong>inter</strong></span> <span class='ocrx_word' id='word_1_507' title='bbox 1238 2921 1311 2952; x_wconf 83' lang='lat' dir='ltr'><strong>bina</strong></span> <span class='ocrx_word' id='word_1_508' title='bbox 1325 2927 1473 2959; x_wconf 77' lang='lat' dir='ltr'><strong>tempora.</strong></span> 
     </span>
    </p>

    <p class='ocr_par' dir='ltr' id='par_1_14' title="bbox 1005 2964 1840 3036">
     <span class='ocr_line' id='line_1_62' title="bbox 1045 2964 1840 3006; baseline -0.004 -10"><span class='ocrx_word' id='word_1_509' title='bbox 1045 2964 1077 3006; x_wconf 87' lang='lat'><strong>(¹¹</strong></span> <span class='ocrx_word' id='word_1_510' title='bbox 1080 2964 1093 3003; x_wconf 96' lang='lat'>)</span> <span class='ocrx_word' id='word_1_511' title='bbox 1118 2966 1136 2983; x_wconf 72' lang='lat'><strong>¹³</strong></span> <span class='ocrx_word' id='word_1_512' title='bbox 1159 2965 1338 3004; x_wconf 81' lang='lat' dir='ltr'><strong>Longitudo</strong></span> <span class='ocrx_word' id='word_1_513' title='bbox 1367 2965 1532 3001; x_wconf 79' lang='lat' dir='ltr'><strong>nodorum,</strong></span> <span class='ocrx_word' id='word_1_514' title='bbox 1561 2972 1617 3002; x_wconf 88' lang='lat' dir='ltr'><strong>per</strong></span> <span class='ocrx_word' id='word_1_515' title='bbox 1646 2972 1734 2992; x_wconf 89' lang='lat' dir='ltr'><strong>num.</strong></span> <span class='ocrx_word' id='word_1_516' title='bbox 1770 2965 1840 2994; x_wconf 79' lang='lat'><strong>145.</strong></span> 
     </span>
     <span class='ocr_line' id='line_1_63' title="bbox 1005 3005 1138 3036; baseline 0 0"><span class='ocrx_word' id='word_1_517' title='bbox 1005 3005 1138 3036; x_wconf 79' lang='lat' dir='ltr'><strong>inventa.</strong></span> 
     </span>
    </p>

    <p class='ocr_par' dir='ltr' id='par_1_15' title="bbox 1003 3047 1846 3174">
     <span class='ocr_line' id='line_1_64' title="bbox 1047 3047 1846 3090; baseline -0.001 -11"><span class='ocrx_word' id='word_1_518' title='bbox 1047 3050 1077 3090; x_wconf 87' lang='grc' dir='ltr'><strong>(ο</strong></span> <span class='ocrx_word' id='word_1_519' title='bbox 1079 3048 1092 3087; x_wconf 93' lang='grc'>)</span> <span class='ocrx_word' id='word_1_520' title='bbox 1110 3050 1127 3068; x_wconf 71' lang='grc'><strong><em>”</em></strong></span> <span class='ocrx_word' id='word_1_521' title='bbox 1146 3049 1191 3079; x_wconf 75' lang='lat' dir='ltr'><strong>Et</strong></span> <span class='ocrx_word' id='word_1_522' title='bbox 1206 3048 1342 3088; x_wconf 59' lang='lat' dir='ltr'><strong>ejusdem</strong></span> <span class='ocrx_word' id='word_1_523' title='bbox 1357 3058 1437 3078; x_wconf 68' lang='grc' dir='ltr'>ιιι-σω</span> <span class='ocrx_word' id='word_1_524' title='bbox 1452 3050 1532 3079; x_wconf 77' lang='lat' dir='ltr'><strong>duoe.</strong></span> <span class='ocrx_word' id='word_1_525' title='bbox 1580 3047 1742 3078; x_wconf 76' lang='lat' dir='ltr'><strong>Harumce</strong></span> <span class='ocrx_word' id='word_1_526' title='bbox 1760 3057 1846 3078; x_wconf 74' lang='lat' dir='ltr'><strong>area·</strong></span> 
     </span>
     <span class='ocr_line' id='line_1_65' title="bbox 1003 3089 1845 3121; baseline -0.002 -1"><span class='ocrx_word' id='word_1_527' title='bbox 1003 3100 1075 3121; x_wconf 88' lang='lat' dir='ltr'><strong>rum</strong></span> <span class='ocrx_word' id='word_1_528' title='bbox 1108 3090 1189 3120; x_wconf 83' lang='lat' dir='ltr'><strong>inter</strong></span> <span class='ocrx_word' id='word_1_529' title='bbox 1217 3097 1278 3120; x_wconf 62' lang='lat' dir='ltr'><strong>tres</strong></span> <span class='ocrx_word' id='word_1_530' title='bbox 1292 3090 1520 3121; x_wconf 66' lang='lat' dir='ltr'><strong>observationes</strong></span> <span class='ocrx_word' id='word_1_531' title='bbox 1547 3089 1641 3120; x_wconf 84' lang='lat' dir='ltr'><strong>radiis</strong></span> <span class='ocrx_word' id='word_1_532' title='bbox 1668 3089 1709 3120; x_wconf 80' lang='lat' dir='ltr'><strong>ad</strong></span> <span class='ocrx_word' id='word_1_533' title='bbox 1740 3089 1845 3119; x_wconf 78' lang='lat' dir='ltr'><strong>Solem</strong></span> 
     </span>
     <span class='ocr_line' id='line_1_66' title="bbox 1005 3132 1843 3174; baseline -0.004 -10"><span class='ocrx_word' id='word_1_534' title='bbox 1005 3132 1107 3164; x_wconf 88' lang='lat' dir='ltr'><strong>ductis</strong></span> <span class='ocrx_word' id='word_1_535' title='bbox 1121 3132 1345 3174; x_wconf 84' lang='lat' dir='ltr'><strong>descriptarum</strong></span> <span class='ocrx_word' id='word_1_536' title='bbox 1358 3132 1437 3165; x_wconf 81' lang='lat' dir='ltr'><strong>ratio</strong></span> <span class='ocrx_word' id='word_1_537' title='bbox 1450 3133 1491 3164; x_wconf 85' lang='lat' dir='ltr'><strong>sit</strong></span> <span class='ocrx_word' id='word_1_538' title='bbox 1503 3138 1540 3163; x_wconf 84' lang='lat' dir='ltr'><strong>ut</strong></span> <span class='ocrx_word' id='word_1_539' title='bbox 1553 3142 1585 3174; x_wconf 88' lang='lat' dir='ltr'><strong>g,</strong></span> <span class='ocrx_word' id='word_1_540' title='bbox 1597 3132 1638 3163; x_wconf 70' lang='lat' dir='ltr'><strong>ad</strong></span> <span class='ocrx_word' id='word_1_541' title='bbox 1657 3135 1692 3162; x_wconf 90' lang='lat'><strong>1·</strong></span> <span class='ocrx_word' id='word_1_542' title='bbox 1683 3132 1809 3172; x_wconf 84' lang='lat' dir='ltr'><strong>‚sitque</strong></span> <span class='ocrx_word' id='word_1_543' title='bbox 1820 3136 1843 3166; x_wconf 84' lang='lat' dir='ltr'><strong>t,</strong></span> 
     </span>
    </p>
   </div>
  </div>
 </body>
</html>
