2072 3522
160 258 315 318 LIBER-
324 257 564 309 varmsfl
583 254 920 301 :PRINCIPIA
953 253 1447 313 MATHEMATICA.
1459 292 1466 295 ,
1795 259 1812 293 l
1821 257 1869 294 61

161 374 266 417 Erat
285 372 338 416 M
357 373 476 415 stella
494 373 722 430 perexigua
741 386 836 429 quae
854 385 931 428 per
949 370 1216 426 telescopium
1229 369 1362 411 videri
1377 369 1447 410 vix
1465 368 1615 424 potuit,
1638 375 1681 409 et
1700 367 1739 409 L
1760 367 1877 409 stella

158 447 290 503 major
308 447 426 503 quasi
444 446 741 503 magnitudinis
761 453 932 488 octavae.
1557 481 1561 485 .

214 519 300 561 Die
334 518 470 560 Lunae
504 518 643 570 Mart.-
670 522 711 562 7.
729 517 822 559 hor.
843 521 897 574 9}
914 530 957 571 p.
976 530 1033 557 m.
1053 513 1213 556 cometa
1249 513 1449 556 existente
1479 513 1522 553 in
1556 513 1610 563 V,
1643 508 1756 555 recta
1789 512 1830 553 V
1850 529 1876 551 α

157 590 364 646 producta
382 589 584 632 transibat
602 589 711 630 inter
731 588 770 630 B
791 595 834 629 et
854 587 903 638 F,
926 585 1114 628 auferens
1132 601 1158 627 a
1179 584 1217 626 B
1240 584 1276 626 F
1295 598 1438 625 versus
1459 583 1495 624 F
1514 584 1567 636 5¹5
1589 583 1627 624 B
1650 583 1699 633 F,
1727 591 1770 624 et
1787 591 1876 626 erat

158 661 213 702 ad
231 670 388 703 rectam
409 661 449 702 V
467 662 496 710 β
515 669 561 702 ut
582 667 607 703 5
629 659 683 702 ad
703 666 744 701 4.
805 659 862 700 Et
881 658 1076 700 distantia
1101 664 1275 699 cometae
1294 671 1321 697 a
1337 654 1452 698 rectfi
1471 672 1498 695 α
1515 657 1544 705 β
1564 666 1652 697 erat
1671 658 1697 709 ᾖ
1719 656 1760 697 V
1778 657 1819 706 β.

220 732 301 774 Die
322 731 525 774 Mercurii
545 731 675 774 Mart.
698 737 740 774 9.
762 729 865 771 hora
887 732 940 782 83¹3
961 743 1003 785 p.
1024 743 1079 770 m.
1101 726 1261 770 cometa
1281 728 1483 769 existente
1501 727 1547 768 in
1567 727 1627 777 X,
1650 735 1763 769 recta
1780 745 1807 781 7
1828 713 1875 768 X

158 803 329 859 aequalis
356 810 446 844 erat
473 804 498 855 -ὲ
518 819 544 855 7
565 805 596 852 δ,
624 810 665 843 et
690 799 1035 857 perpendiculum
1062 799 1287 841 demissum
1307 813 1333 841 a
1352 797 1468 840 stell&
1490 801 1508 837 ὃ
1527 796 1582 839 ad
1600 806 1754 840 rectam
1781 816 1807 852 7
1828 799 1874 840 X

157 884 247 919 erat
264 880 292 934 {-
310 894 337 931 7
357 880 393 924 δκ
1285 918 1293 924 ‚

216 948 379 990 Ezidem
411 955 533 990 nocte
563 946 667 988 hora
697 951 763 996 12,
801 944 963 987 cometa
990 945 1193 987 existente
1210 944 1254 986 in
1274 944 1330 994 Y,
1358 951 1471 986 recta
1489 961 1515 997 7
1535 943 1577 985 Y
1596 942 1766 999 aequalis
1787 951 1876 984 erat

156 1026 182 1076 ᾖ
201 1039 228 1075 7
248 1025 279 1072 δ,
303 1028 375 1062 aut
393 1021 519 1076 paulo
537 1019 687 1070 minor,
708 1016 810 1073 puta
828 1017 882 1069 3⁵5
901 1034 928 1070 7
947 1020 978 1067 δ,
1006 1024 1047 1058 et
1064 1015 1409 1071 perpendiculum
1429 1014 1654 1058 demissum
1675 1030 1700 1056 a
1719 1013 1835 1056 stella
1857 1018 1876 1054 δ

155 1093 211 1134 ad
231 1101 384 1135 rectam
403 1110 430 1146 7
449 1092 492 1133 Y
513 1090 682 1147 aequalis
702 1096 791 1131 erat
817 1093 845 1143 ὲ
863 1105 890 1142 7
911 1091 929 1127 δ
952 1087 1021 1129 vel
1044 1090 1071 1141 ⁷¹7
1090 1104 1117 1140 7
1137 1089 1155 1126 δ
1179 1086 1354 1128 circiter.
1416 1085 1498 1127 Sed
1521 1094 1682 1127 cometa
1701 1086 1756 1127 ob
1777 1086 1874 1127 vici-

154 1166 267 1206 niam
286 1164 512 1206 horizontis
532 1163 647 1206 cerni
666 1162 737 1204 vix
755 1161 903 1217 potuit,
923 1174 1001 1201 nec
1021 1159 1138 1202 locus
1158 1160 1245 1215 ejus
1265 1168 1351 1202 tam
1369 1158 1561 1202 distincte
1579 1173 1635 1201 ac
1653 1160 1698 1201 in
1715 1174 1874 1215 praece-

153 1237 346 1280 dentibus
367 1236 545 1279 definiri.

211 1311 282 1354 Ex
299 1310 539 1367 hujusmodi
559 1308 915 1352 observationibus
940 1322 1017 1363 per
1044 1306 1370 1349 constructiones
1390 1306 1621 1364 figurarum
1641 1313 1683 1348 et
1702 1320 1873 1361 compu-

150 1383 326 1426 tationes
362 1381 601 1423 derivabam
633 1380 684 1436 (Β)
719 1379 1001 1436 longitudines
1030 1386 1072 1420 et
1099 1377 1338 1419 latitudines
1368 1386 1553 1427 cometae,
1584 1385 1626 1418 et
1655 1377 1873 1419 Poundius

149 1461 292 1496 noster
321 1466 377 1494 ex
405 1451 601 1494 correctis
630 1450 812 1491 fixarum
839 1449 943 1491 locis
968 1448 1061 1491 loca
1090 1456 1263 1490 cometae
1292 1448 1486 1499 correxit,
1510 1456 1552 1490 et
1576 1447 1669 1490 loca
1689 1457 1874 1490 correcta

148 1527 355 1568 habentur
385 1539 523 1580 supra.
583 1522 858 1580 Micrometro
888 1520 1038 1578 parum
1072 1520 1229 1564 affabre
1264 1530 1503 1564 constructo
1533 1537 1634 1564 usus
1662 1537 1766 1574 sum,
1799 1522 1873 1564 sed

148 1598 458 1656 longitudinum
477 1605 618 1638 tamen
637 1603 680 1638 et
697 1595 966 1637 latitudinum
992 1609 1153 1636 errores
1182 1598 1402 1651 (quatenus
1432 1610 1486 1637 ex
1514 1595 1872 1638 observationibus

148 1673 301 1714 nostris
331 1671 536 1725 oriantur)
566 1670 775 1712 minutum
802 1684 935 1711 unum
962 1668 1147 1724 primum
1165 1668 1237 1709 vix
1264 1676 1473 1724 superant.
1538 1667 1713 1710 Cometa
1733 1677 1872 1711 autem

150 1743 293 1801 (juxta
312 1743 622 1786 observationes
639 1741 821 1794 nostras)
842 1741 887 1781 in
906 1739 991 1782 fine
1009 1738 1147 1781 motus
1169 1739 1234 1781 sui
1250 1739 1490 1780 notabiliter
1508 1739 1726 1781 deflectere
1746 1740 1872 1795 coepit

144 1817 321 1875 *boream
341 1813 497 1865 versuS,
520 1829 544 1855 a
563 1812 764 1870 parallelo
783 1826 908 1868 quem
928 1811 972 1852 in
992 1810 1076 1852 fine
1094 1809 1247 1852 mensis
1269 1809 1485 1852 Februarii
1503 1818 1704 1852 tenuerat.

143 1976 145 1979 “
187 1976 232 2018 (²)
246 1972 315 2008 149.
329 1978 347 1995 ⁶
358 1975 581 2015 Lmngitudines
588 1979 616 2005 et
628 1973 815 2004 latitudines.
842 1970 874 2001 Si
884 1970 986 2000 obser-
1027 1966 1185 2007 telescopii
1206 1966 1329 1997 immoti
1346 1973 1401 1998 aut
1419 1965 1481 1997 alio
1495 1976 1693 2008 quocumque
1707 1965 1802 1997 modo
1815 1966 1871 1997 ob-

152 2025 265 2050 ventur
278 2017 431 2049 distantia
452 2022 582 2047 cometae
596 2027 615 2046 a
628 2015 750 2049 duabus
763 2013 832 2043 fixis
853 2021 985 2053 quarum
1026 2012 1164 2041 tineatur
1188 2010 1362 2040 differentia
1390 2009 1608 2040 declinationis
1629 2016 1661 2040 et
1685 2008 1871 2040 ascensionis

69 2055 84 2058 ”
149 2060 361 2103 longitudines
380 2066 413 2091 et
432 2058 612 2090 latitudines
625 2063 707 2088 notae
721 2062 804 2093 sunt,
826 2055 986 2085 invenien-
1026 2059 1120 2084 rectae
1134 2053 1214 2084 inter
1227 2053 1323 2083 fixam
1337 2058 1368 2083 et
1382 2059 1537 2083 cometam
1553 2054 1620 2095 (59.
1640 2052 1711 2083 Lib.
1731 2049 1824 2090 111.)
1839 2057 1870 2082 et
1901 2079 1909 2093 ,

149 2110 203 2135 tur
215 2110 345 2134 cometae
365 2101 531 2143 longitudo
544 2107 577 2132 et
590 2100 721 2132 latitudo
735 2099 775 2129 ad
794 2105 916 2136 tempus
929 2098 985 2127 ob-

149 2146 335 2177 servationis.
384 2144 514 2176 Referat
528 2144 567 2174 M
586 2143 628 2179 R,
648 2142 821 2182 poitionem
835 2140 985 2178 eclipticae

150 2190 242 2230 cujus
263 2188 354 2227 polus
377 2188 421 2226 0,
444 2187 506 2217 sint
530 2186 570 2221 A,
596 2185 625 2216 Ρ
646 2184 718 2215 duae
736 2182 832 2214 soellae
851 2191 984 2221 quarum
1527 2178 1564 2218 0

149 2230 363 2272 longitudines
382 2235 414 2261 et
434 2228 611 2260 latitudines
631 2227 712 2257 datae
732 2232 814 2262 sunt,
838 2224 938 2263 sitque
955 2224 982 2254 C

150 2280 271 2305 cometa
295 2273 387 2315 cujus
408 2271 553 2304 distantia
577 2281 597 2300 a
617 2269 738 2300 duabus
759 2267 855 2298 stellis
887 2267 928 2303 A,
954 2266 983 2297 P

149 2323 226 2347 nota
245 2316 295 2347 sit.
342 2316 384 2346 In
405 2313 562 2354 triangulo
586 2313 616 2343 A
636 2312 666 2343 Ο
685 2311 722 2348 Ρ,
746 2321 783 2344 ex
797 2309 876 2340 datis
892 2309 923 2339 A
941 2309 983 2347 Ο,

154 2360 182 2390 P
198 2359 229 2390 Ο
244 2357 478 2397 complementis
491 2355 692 2387 latitudinum
711 2353 867 2384 stellarum
883 2358 914 2382 et
928 2361 984 2381 an-

148 2402 227 2444 gulo
244 2403 275 2432 A
293 2401 325 2432 Ο
340 2401 368 2431 Ρ
383 2400 474 2440 cujus
487 2408 631 2429 mensura
644 2404 691 2428 eet
703 2406 792 2428 arcus
815 2395 854 2426 M
872 2395 904 2425 R
923 2393 984 2424 dif-

149 2444 279 2476 ferentia
301 2442 545 2484 longitudinum,
570 2440 694 2471 dabitur
723 2440 756 2470 A
784 2437 814 2469 P
838 2437 985 2468 distantia

149 2487 320 2523 stellarum,
344 2493 438 2526 atque
464 2484 635 2514 innotescet
662 2482 799 2522 angulus
830 2480 860 2511 Ο
885 2480 914 2510 Ρ
937 2479 979 2510 A.

149 2530 225 2562 Jam
250 2529 323 2560 verd
348 2529 382 2558 in
407 2526 563 2567 triangulo
591 2526 621 2555 A
640 2525 667 2556 C
684 2525 713 2555 P
738 2524 852 2554 dantur
877 2522 984 2552 omnia

150 2572 256 2610 latum,
279 2571 364 2602 unde
386 2570 561 2601 invenietur
583 2567 718 2608 angulus
745 2567 772 2597 C
801 2565 830 2596 P
853 2566 896 2602 A,
920 2574 984 2604 quo
1159 2570 1203 2611 Α

149 2615 305 2645 subtracto
317 2624 355 2644 ex
369 2611 488 2654 angulo
505 2611 535 2642 Ο
555 2611 582 2641 P
599 2611 630 2640 A
645 2609 836 2650 relinquetur
848 2607 984 2648 angulus

153 2657 184 2687 Ο
202 2656 232 2687 P
248 2656 284 2688 C.
333 2655 440 2692 Quare
453 2654 577 2685 dabitur
592 2651 727 2693 angulus
751 2651 779 2682 P
796 2650 826 2682 O
845 2651 871 2681 C
893 2649 984 2690 cujus

149 2708 296 2730 mensura
308 2705 355 2729 est
367 2708 457 2729 arcus
479 2697 512 2728 N
530 2697 572 2733 R,
594 2694 769 2725 differentia
781 2692 897 2723 scilicet
915 2692 982 2722 lon-

148 2741 330 2782 gitudinum
343 2741 440 2771 stelle
457 2740 485 2770 P
499 2746 531 2770 et
543 2744 672 2770 cometae
686 2737 723 2768 C.
753 2737 836 2767 Item
846 2735 983 2765 innotes-

148 2789 200 2814 cet
211 2794 302 2814 arcus
318 2783 348 2814 0
362 2783 399 2819 C,
412 2783 466 2824 qui
477 2789 524 2812 est
533 2780 797 2819 complementum
811 2776 983 2808 latitudinis

148 2832 287 2856 cometae.
328 2824 451 2856 Eadem
464 2834 588 2865 prorsus
601 2823 728 2859 ratione,
744 2822 769 2852 si
784 2822 984 2851 observentur
1171 2817 1230 2857 LI

147 2868 301 2900 distantiae
322 2874 451 2898 cometa.-
471 2878 491 2898 ο
511 2867 633 2897 duabus
648 2865 717 2896 fixis
730 2873 862 2904 quarum
876 2872 982 2893 ascen-
1423 2858 1472 2902 N

146 2911 248 2942 siones
261 2916 353 2941 rectae
381 2916 413 2941 et
439 2909 660 2941 declinationes
687 2914 770 2938 notae
797 2911 879 2942 sunt,
906 2904 981 2936 inde

146 2953 333 2994 colligentur
346 2951 482 2983 ascensio
495 2958 577 2982 recta
591 2957 622 2982 et
636 2950 801 2981 declinatio
815 2954 954 2979 cometae.

177 2999 260 3046 ,1⁵9⁸
293 2997 384 3027 Dans
408 2994 619 3043 dechnfftmne,
638 3000 670 3043 ξι
694 2989 981 3040 ⁸⁵⁰²¹¹⁵¹⁰¹¹efe⁰f3v
1023 2999 1096 3029 hinc
1124 2999 1283 3030 dabuntur
1311 3003 1440 3029 cometae
1470 2995 1635 3038 longitudo
1662 3001 1695 3027 et
1728 2993 1861 3026 latitudo

143 3038 277 3080 alicujus
297 3039 393 3069 stellae
415 3038 495 3074 fixae,
517 3047 648 3066 invemn
668 3042 799 3087 possunt
812 3033 979 3064 dechnatio
1023 3045 1036 3084 (
1042 3046 1090 3073 17,
1115 3042 1188 3073 Lib,
1207 3041 1308 3081 HL),

144 3087 177 3111 et
194 3092 333 3112 ascensio
354 3087 437 3130 recta
457 3084 595 3128 cornetae,
617 3078 713 3128 mot-1⁰
726 3084 830 3108 tamen
845 3076 934 3106 stella
947 3082 979 3107 et
1067 3088 1139 3116 151.
1167 3085 1260 3116 Datis
1274 3090 1403 3114 cometoe
1426 3082 1622 3124 longitndine
1635 3087 1667 3112 et
1685 3079 1859 3115 latitudine,

143 3130 264 3155 comem
291 3131 420 3156 mnfflfe
449 3132 580 3154 V¹c¹⁵³¹m
604 3127 722 3161 Ροῧ11η
749 3130 803 3160 1³²¹
832 3129 979 3158 (ᾌῙῙῙΡΙΠῘ1
1021 3127 1178 3169 simulque
1192 3126 1268 3158 notai
1282 3125 1480 3168 longitudine
1500 3125 1589 3162 Solis,
1612 3124 1702 3155 datur
1717 3123 1861 3154 distantia

964 3182 1037 3213 L4
