2072 3522
210 260 228 295 1
239 258 292 299 78
513 279 516 282 >
627 250 1083 295 PHILOSOPHIAE
1115 248 1479 298 NATURALIS
1511 249 1607 301 [DE
1622 247 1785 292 Mum).
1802 248 1926 292 Srss'r.

209 364 365 408 directe
386 364 564 414 aversis3
592 364 851 422 digrediente
871 371 1009 405 autem
1029 370 1259 417 spectatore
1278 361 1331 402 de
1350 360 1416 402 his
1434 360 1570 415 planis
1589 360 1766 403 deviatio
1784 359 1928 415 paula-

208 439 285 481 tim
314 438 501 488 sentitur,
534 446 575 479 et
608 438 741 479 indies
771 445 943 492 apparet
971 437 1116 492 major.
1193 434 1322 485 Quod
1353 434 1532 476 deviatio
1553 435 1722 477 caeteris
1756 435 1934 490 paribus.

209 510 345 552 minor
365 517 426 550 est
446 508 518 550 ubi
534 509 665 550 cauda
678 508 883 564 obliquior
900 515 961 549 est
977 507 1031 549 ad
1046 507 1191 549 orbem
1208 513 1394 556 cometae,
1410 513 1458 547 ut
1470 513 1512 547 et
1525 505 1598 546 ubi
1617 513 1742 560 caput
1755 513 1928 548 cometae

209 582 264 625 ad
298 581 439 630 Solem
472 579 645 637 propius
681 581 864 631 accedit3
909 580 1141 636 praesertim
1175 580 1210 621 si
1245 587 1451 635 spectetur
1467 578 1722 622 ‘deviationis
1753 578 1938 636 angulus

204 654 326 710 juxta
349 659 474 707 caput
495 659 690 693 cometae:
721 659 925 706 praeterea
944 651 1055 708 quod
1075 650 1324 708 caudaelnon
1343 649 1555 692 deviantes
1574 657 1776 704 apparent
1789 656 1927 700 rectae,

211 724 421 767 deviantes
452 730 590 765 autem
620 706 902 784 incurvantur.
964 723 1094 772 Quod
1124 730 1344 764 curvatura
1371 724 1504 778 major
1532 730 1596 764 est
1614 722 1687 764 ubi
1715 723 1846 778 major
1865 729 1930 764 est

211 798 402 849 deviatio,
420 805 461 838 et
476 796 607 854 magis
629 780 924 855 sensibilissnbi
944 796 1075 838 cauda
1097 796 1256 837 caeteris
1275 795 1445 851 paribus
1465 794 1629 852 longior
1649 802 1734 836 est:
1763 808 1860 836 nam
1885 795 1930 836 in

210 870 470 912 brevioribus
506 877 727 912 curvatura
760 856 872 927 aegre
906 868 1263 910 animadvertitur.
1320 867 1449 917 Quod
1481 866 1724 909 deviationis
1753 866 1930 924 angulus

212 944 350 986 minor
380 955 442 986 est
464 945 586 1000 juxta
606 951 731 999 caput
751 951 936 993 cometae,
968 943 1100 998 major
1113 942 1236 998 juxta
1256 940 1402 983 caudae
1423 940 1725 982 extremitatem
1743 939 1930 992 alteram,

211 1025 334 1072 atque
368 1014 463 1057 ideo
498 1015 611 1071 quod
646 1014 778 1056 cauda
808 1029 995 1056 convexo
1029 1014 1093 1056 sui
1126 1013 1255 1055 latere
1288 1019 1428 1067 partes
1458 1011 1626 1066 respicit
1654 1026 1681 1053 a
1708 1011 1857 1067 quibus
1883 1010 1933 1052 fit

213 1088 408 1139 deviatio,
431 1102 608 1144 quaeque
627 1088 672 1129 in
692 1087 804 1129 recta
825 1098 922 1129 sunt
940 1087 1048 1133 linea
1070 1103 1095 1129 a
1117 1087 1214 1130 Sole
1232 1102 1308 1143 per
1327 1095 1452 1143 caput
1471 1096 1643 1130 cometae
1662 1088 1707 1129 in
1725 1087 1933 1129 infinitum

213 1161 350 1204 ducta.
413 1161 469 1203 Et
490 1160 604 1216 quod
624 1160 769 1202 caudae
789 1160 1153 1216 quaeprolixiores
1173 1168 1270 1202 sunt
1289 1168 1330 1201 et
1347 1160 1526 1211 latiores,
1555 1170 1598 1202 et
1616 1160 1709 1203 luce
1726 1160 1935 1217 vegetiora

211 1232 378 1282 micant,
411 1232 493 1273 sint
523 1231 578 1272 ad
596 1230 728 1273 latera
748 1246 936 1273 convexa
965 1231 1092 1286 paulo
1113 1231 1413 1286 splendidiores
1434 1240 1476 1273 et
1494 1231 1623 1273 limite
1643 1231 1780 1274 minus
1806 1230 1935 1273 indis-
1982 1227 1991 1240 '¹

162 1322 166 1335 v
215 1306 347 1348 tincto
367 1303 747 1360 terminatae'quam
767 1303 820 1345 ad
841 1318 1032 1345 concava.
1096 1303 1288 1345 Pendent
1306 1303 1434 1359 igitur
1453 1303 1729 1358 phaenomena
1747 1303 1892 1346 eaudae
1910 1317 1936 1344 a

215 1387 340 1437 motui,
353 1378 511 1434 capitis,
534 1392 621 1419 non
641 1385 778 1419 autern
798 1393 822 1418 a
843 1377 1013 1435 regione
1029 1376 1123 1418 coeli
1144 1376 1188 1417 in
1209 1375 1290 1432 qua
1312 1383 1437 1431 caput
1457 1375 1706 1430 conspicitur
1716 1391 1728 1426 3
1750 1383 1791 1418 et
1808 1389 1937 1431 prop·-

214 1460 327 1494 terea
346 1466 432 1493 non
453 1451 561 1494 fiunt
587 1466 664 1507 per
684 1450 974 1492 refractionem
994 1449 1209 1499 coelorum,
1241 1448 1314 1490 sed
1334 1463 1359 1489 a
1378 1448 1511 1503 capite
1532 1447 1820 1503 suppeditante
1848 1462 1938 1491 ma-

215 1524 361 1565 teriam
380 1523 585 1565 oriuntur.
647 1522 816 1564 Etenim
835 1532 882 1565 ut
902 1509 946 1563 in
967 1524 1064 1564 a'eIre
1083 1529 1229 1563 nostro
1248 1520 1386 1562 fumus
1407 1521 1592 1575 corporis
1613 1520 1790 1576 cujusvis
1818 1520 1938 1576 igniti

215 1595 323 1651 petit
343 1595 572 1651 superior-a,
595 1594 721 1651 idque
741 1594 807 1636 vel
826 1593 1225 1650 perpendiculariter
1246 1593 1280 1634 si
1301 1606 1452 1647 corpus
1473 1591 1667 1647 quiescat,
1688 1590 1754 1632 vel
1773 1589 1940 1646 oblique

217 1668 253 1710 si
273 1682 424 1723 corpus
444 1674 660 1709 moveatur
680 1667 724 1707 in
743 1667 875 1709 latus:
906 1667 964 1709 ita
983 1667 1028 1708 in
1049 1666 1175 1717 coelis,
1197 1666 1271 1707 ubi
1291 1679 1470 1720 corpora
1487 1664 1703 1721 *gravitant
1721 1663 1765 1704 in
1785 1662 1938 1712 Solem,
1981 1712 1994 1720 ,ἢ

217 1738 322 1780 fumi
342 1747 383 1780 et
403 1753 578 1793 vapores
599 1738 821 1780 ascendere
842 1739 995 1781 debent
1015 1754 1039 1780 a
1063 1738 1159 1780 Sole
1180 1739 1257 1792 (uti
1270 1738 1359 1792 jam
1379 1726 1536 1778 dictum
1562 1736 1640 1788 est)
1668 1737 1711 1776 e't
1730 1734 1942 1790 superiora

219 1811 286 1853 vel
306 1810 420 1853 recta
437 1819 592 1866 petere,
615 1812 650 1852 si
670 1826 820 1866 corpus
841 1811 1002 1853 fumans
1023 1811 1208 1867 quiescit,
1231 1809 1296 1851 vel
1315 1807 1495 1865 oblique,
1527 1809 1562 1850 si
1588 1822 1739 1863 corpus
1767 1821 1941 1863 progre-

221 1882 377 1925 diendo
397 1882 489 1928 loca
509 1897 674 1937 semper
693 1882 847 1924 deserit
866 1898 891 1923 a
911 1882 1059 1938 quibus
1075 1881 1308 1936 superiores
1323 1880 1486 1934 vaporis
1505 1886 1643 1934 partes
1658 1877 1940 1920 ascenderant.
1993 1869 1999 1876 ⁴

222 1955 280 1997 Et
309 1953 528 2009 obliquitas
558 1953 636 1995 ista
665 1953 802 1995 minor
823 1953 902 1995 erit
929 1952 1001 1994 ubi
1029 1966 1221 1994 ascensus
1242 1951 1406 2006 vaporis
1427 1949 1608 1991 velocior
1628 1956 1714 1991 est:
1746 1948 1944 1991 nimirum

228 2571 378 2603 solaribus
400 2571 433 2602 in
455 2571 524 2602 vitri
547 2569 654 2602 ustorii
669 2568 740 2601 roeo
755 2569 876 2610 objecta
897 2567 1072 2599 notabiliter
1115 2567 1200 2605 teria,
1224 2566 1488 2608 quemadmodum
1516 2567 1550 2598 in
1573 2566 1732 2606 apparenti
1756 2571 1964 2597 cometarum-.-

229 2613 346 2653 impelli
363 2614 542 2644 observavit.
584 2612 760 2643 Lameuam
776 2621 901 2652 quoque
916 2610 1072 2641 elasticam
1115 2609 1320 2649 atmosphoerti.
1345 2609 1422 2640 solet
1449 2610 1610 2641 observari.
1671 2609 1798 2648 sphaem
1824 2607 1955 2639 interim-n

229 2655 275 2686 ἰαὶ
289 2656 401 2697 ligneae
417 2657 531 2687 tabulae
545 2655 643 2686 affixit
658 2661 694 2685 ut
709 2653 887 2685 extremitas
901 2663 966 2683 una
980 2651 1075 2684 libere
1121 2653 1152 2683 A
1171 2653 1199 2685 B
1218 2652 1255 2690 C,
1278 2662 1317 2683 ex
1338 2652 1376 2682 iis
1397 2658 1536 2691 ponatur*
1549 2657 1688 2682 constare
1708 2649 1866 2690 paniculi·
1878 2659 1957 2691 qun

229 2698 389 2738 penderet,
404 2698 540 2729 collectis
551 2697 623 2728 vitri
634 2696 744 2728 ustorii
754 2705 812 2736 ope
824 2695 973 2726 solaribus
983 2694 1076 2726 radiis
1118 2694 1274 2726 radiorum
1289 2693 1435 2726 solarium
1450 2693 1627 2733 impulsioni
1642 2693 1759 2732 possint
1772 2691 1922 2730 resistet,
1931 2701 1960 2723 ο.

231 2741 370 2780 exposita
389 2741 457 2771 haec
478 2740 603 2771 lamella
624 2740 722 2770 instar
742 2737 872 2779 penduli
894 2737 1076 2768 sensibiliter
1118 2735 1225 2769 contra
1239 2735 1311 2768 ver&
1322 2736 1403 2767 orbis
1416 2736 1553 2776 superior
1567 2736 1595 2766 A
1610 2735 1636 2766 F
1649 2736 1674 2766 Β
1688 2736 1719 2766 D
1733 2736 1760 2766 C
1770 2735 1811 2771 E,
1824 2734 1955 2766 levior-

231 2783 296 2814 ibat
320 2789 351 2814 et
373 2782 502 2814 redibat.
552 2782 705 2818 Quamvis
731 2787 836 2812 autem
863 2779 1015 2810 levissima
1038 2779 1077 2810 sit
1119 2779 1276 2811 contineat
1291 2779 1457 2819 particulas*
1468 2788 1538 2818 quae
1551 2778 1624 2808 huie
1638 2776 1816 2817 impulsioni
1830 2776 1961 2812 ondins..

232 2825 283 2855 hic
297 2826 380 2865 apud
396 2835 453 2855 nos
466 2824 624 2855 radiorum
639 2823 789 2855 solarium
804 2822 962 2862 impulsio,
978 2821 1076 2852 maxi·
1119 2821 1319 2852 manifestum
1345 2829 1391 2852 est
1415 2820 1570 2852 radiorum
1596 2819 1742 2851 solarium
1764 2819 1957 2859 impulsione

234 2877 286 2897 ma
299 2873 404 2898 tamen
419 2877 485 2898 esse
499 2872 600 2906 potest
614 2867 647 2897 in
660 2865 771 2906 spatiis
787 2864 951 2895 liberrimis
964 2865 997 2895 in
1009 2865 1078 2904 qui.
1121 2864 1229 2904 projici
1251 2874 1356 2895 versus
1381 2863 1459 2894 Solis
1477 2862 1701 2902 oppositionem
1715 2862 1851 2895 materia
1864 2860 1955 2894 vati·-

234 2910 293 2940 bus
308 2915 436 2940 cometae
451 2909 646 2946 deseruntur,
661 2907 831 2948 praesertim
846 2907 921 2938 cum
936 2907 1078 2937 tenuissi-
1121 2906 1211 2947 gium
1228 2906 1256 2938 B
1276 2907 1306 2938 G
1324 2905 1359 2936 H
1377 2905 1394 2946 j
1410 2905 1453 2941 K,
1475 2905 1559 2946 quod
1574 2905 1704 2946 figuram
1724 2903 1956 2937 caudarum-re·

236 2961 287 2981 ma
302 2952 341 2982 sit
355 2951 484 2982 materia
498 2962 568 2991 quoe
584 2958 777 2982 cometarum
788 2949 901 2980 caudas
910 2949 1076 2988 componit.
1125 2955 1297 2988 praesentat·
1330 2949 1380 2979 Ex
1392 2947 1481 2979 dictis
1496 2954 1579 2987 patet
1592 2949 1672 2979 hanc
1685 2947 1870 2979 sententiam
1882 2954 1966 2977 oum,

237 2993 311 3026 Jam
329 2993 399 3025 νει-ὂ
414 2994 606 3033 concipiatur
621 3000 744 3024 cometa
761 2992 802 3026 N.
824 2991 983 3031 apparenti
998 2991 1080 3021 cinc-
1126 2990 1340 3022 Newtouianis
1364 2990 1528 3030 Principiis
1556 2991 1748 3027 consendrn
1774 2995 1814 3020 et-
1831 2987 1966 3029 quidem.

239 3042 291 3066 tus
305 3035 509 3074 atmosphaera
526 3036 555 3067 E
570 3036 603 3066 D
617 3035 653 3073 F,
670 3035 703 3066 in
718 3033 848 3066 transitu
860 3033 974 3065 scilicet
988 3032 1082 3073 prope
1128 3034 1302 3065 Newtonus
1315 3031 1488 3064 describens
1502 3032 1608 3072 poste&
1632 3031 1760 3072 Kepleri
1781 3030 1967 3071 opinionemi

244 3078 348 3109 Solem
363 3078 502 3115 collecta,
519 3078 562 3108 ita
576 3084 614 3108 ut
628 3077 660 3108 in
677 3076 787 3118 majori
801 3086 819 3106 a
833 3083 961 3106 cometa»
973 3075 1085 3106 nucleo
1127 3086 1197 3118 quoe
1212 3075 1319 3108 eadem
1334 3074 1398 3107 fere
1413 3082 1467 3112 est,
1483 3078 1521 3107 ab
1536 3074 1574 3107 aa
1588 3085 1650 3108 non
1665 3074 1786 3107 videtur
1798 3073 1928 3105 alienus.
1959 3093 1962 3097 ⁴

242 3121 288 3161 N,
299 3118 445 3152 distantiis
458 3120 554 3151 levior
568 3120 728 3163 rariorque
738 3128 860 3160 semper
871 3118 924 3150 fiat
937 3119 1003 3150 haec
1019 3128 1085 3150 ma-
