2072 3522
217 285 299 322 160
622 279 1073 343 PH1LosorH1AE
1104 268 1466 322 NATURALIS
1508 279 1604 333 [Da
1619 279 1920 326 Munasm.

272 389 356 436 Die
378 394 551 436 Veneris
574 394 674 437 Feb.
698 400 766 438 25.
788 403 836 436 st.
857 403 936 436 vet.
957 394 1049 436 hor.
1070 396 1124 447 8}
1157 408 1200 449 p.
1220 408 1277 435 m.
1298 401 1470 436 cometae
1494 393 1539 436 in
1565 407 1595 450 p
1613 395 1826 437 existentis
1844 395 1930 437 dis-

214 467 344 509 tantia
363 482 388 508 a
408 463 525 509 stella
556 467 595 509 E
624 475 712 509 erat
738 468 876 509 minor
903 465 1025 523 quam
1054 471 1107 522 *1⁵5
1129 467 1170 508 A
1191 465 1243 516 E,
1263 466 1397 521 major
1416 464 1540 521 quam
1559 467 1586 520 ᾖ
1606 466 1647 508 Α
1668 466 1719 518 Ε,
1751 467 1930 524 ideoque

214 537 384 594 aequalis
413 538 465 590 ᾗ,
498 537 539 580 Α
560 537 599 580 Ε
626 538 843 593 proxime:
875 543 918 578 et
934 536 1119 594 'angulus
1140 534 1182 578 A
1200 550 1230 591 p
1248 535 1287 578 E
1314 535 1506 578 nonnihil
1533 535 1704 579 obtusus
1723 545 1824 589 erat,
1856 537 1932 580 sed

213 610 300 652 fere
330 619 478 653 rectus.
536 611 701 667 Nempe
731 611 765 652 si
794 610 1079 652 demitteretur
1104 609 1158 652 ad
1183 624 1213 666 p
1235 610 1273 651 E
1300 609 1644 666 perpendiculum
1670 610 1724 652 ab
1755 611 1809 662 A,
1845 610 1932 653 dis-

214 683 342 726 tantia
362 691 534 726 cometae
554 699 579 725 a
596 683 897 739 perpendiculo
915 683 988 724 illo
1009 691 1097 725 erat
1115 684 1141 735 {r
1159 698 1190 739 p
1212 682 1264 725 E.
1926 677 1931 683 ’

274 752 435 795 Eadem
460 762 584 796 nocte
612 753 716 810 hora
745 756 814 808 9}ae
844 762 1017 795 cometae
1037 754 1081 795 in
1102 754 1140 796 P
1159 753 1371 795 existentis
1392 753 1585 796 distantia
1604 770 1630 796 a
1648 753 1764 796 stella
1785 753 1825 796 E
1844 763 1932 797 erat

212 851 344 906 major
363 850 488 907 quam
507 832 563 948 ἐξ
585 852 625 894 Α
647 852 699 903 Ε,
721 851 859 893 minor
878 866 1003 907 quam
1022 830 1076 935 ἐι.
1099 851 1141 893 Α
1164 850 1215 902 Ε,
1237 851 1413 921 ideoque
1433 851 1602 908 aequalis
1622 831 1676 948 {l}
1698 851 1740 894 A
1771 851 1823 902 E,
1857 866 1931 894 seu

215 966 269 1019 33³9-
291 964 332 1006 A
355 964 393 1006 Ε
414 941 744 1021 quamproxime.
805 965 846 1006 A
865 920 1165 1020 perpendiculo
1185 971 1322 1006 autem
1342 979 1368 1007 a
1387 963 1504 1007 stella
1526 965 1567 1007 A
1588 964 1642 1006 ad
1661 971 1816 1007 rectam
1838 963 1875 1006 P
1892 963 1931 1006 E

213 1036 393 1091 demisso
413 1037 606 1080 distantia
624 1043 796 1079 cometae
816 1044 905 1079 erat
924 1037 951 1091 ἓν
972 1037 1008 1079 Ρ
1030 1036 1081 1078 Ε.

273 1852 359 1896 Die
392 1851 499 1895 Solis
536 1851 637 1893 Feb.
659 1855 729 1896 27.
751 1851 843 1893 hor.
876 1853 929 1906 82¹5
960 1865 1002 1906 p.
1023 1865 1081 1899 m.
1112 1859 1284 1894 cometae
1314 1851 1359 1891 in
1384 1851 1428 1901 Q
1453 1851 1663 1894 existentis
1689 1851 1883 1895 distantia
1910 1843 1941 1895 av

217 1923 335 1965 stella
367 1922 409 1966 O
439 1923 633 1979 aequabat
660 1922 897 1964 distantiam
927 1921 1140 1964 stellarum
1173 1921 1214 1963 Ο
1240 1929 1282 1963 et
1309 1921 1372 1972 H,
1395 1930 1436 1964 et
1455 1930 1568 1964 recta
1598 1923 1642 1972 Q
1663 1922 1704 1965 Ο
1731 1924 1937 1980 producta

215 1993 418 2036 transibat
442 1992 551 2034 inter
582 1992 719 2035 stellas
753 1992 796 2033 K
825 1999 868 2033 et
897 1991 949 2033 Β.
1012 1987 1268 2033 Positionem
1293 1990 1417 2047 hujus
1438 1998 1562 2034 rectae
1582 1992 1637 2034 ob
1657 1993 1790 2036 nubes
1809 1993 1937 2037 inter-

216 2065 429 2107 venientes
448 2064 579 2122 magis
599 2063 792 2106 accurate
813 2063 987 2105 definire
1007 2078 1092 2105 non
1118 2065 1248 2119 potui.

273 2137 358 2180 Die
380 2136 532 2178 Martis
555 2135 686 2178 Mart.
710 2141 747 2177 1.
762 2135 856 2178 hor.
878 2141 945 2178 11.
968 2150 1008 2190 p.
1026 2150 1082 2176 m.
1104 2143 1264 2177 cometa
1282 2135 1326 2176 in
1349 2136 1389 2177 R
1410 2136 1602 2188 existens,
1626 2136 1752 2179 stellis
1773 2137 1816 2179 K
1836 2145 1878 2178 et
1899 2136 1936 2180 C

223 2207 412 2251 accurate
443 2208 723 2264 interjacebat,
755 2215 798 2249 et
817 2216 942 2248 rectae
976 2207 1012 2248 C
1036 2207 1077 2248 R
1099 2206 1142 2248 K
1170 2221 1267 2262 pars
1290 2206 1327 2248 C
1350 2207 1391 2248 R
1411 2208 1537 2262 paulo
1557 2209 1688 2264 major
1707 2215 1796 2250 erat
1815 2205 1939 2264 quam

219 2284 241 2334 ὲ
267 2282 303 2324 C
326 2282 382 2333 K,
405 2290 447 2324 et
465 2282 591 2338 paulo
612 2282 750 2323 minor
770 2280 894 2338 quam
915 2282 938 2333 ὲ
966 2280 1002 2322 C
1026 2279 1068 2322 K
1091 2286 1134 2329 4-
1159 2282 1186 2334 3¹3
1210 2280 1247 2322 C
1270 2280 1324 2331 R,
1346 2279 1522 2336 ide6que
1542 2280 1711 2337 aequalis
1729 2278 1757 2332 {r
1773 2280 1810 2323 C
1825 2280 1867 2322 K
1888 2285 1931 2331 -Ι-
1978 2314 1982 2316 -

221 2352 699 2409 ῑῙςΟΒεβιιὲξΟΚ.

278 2424 363 2466 Die
391 2424 594 2466 Mercurii
620 2423 750 2465 Mart.
772 2427 811 2464 2.
831 2422 923 2464 hor.
945 2429 981 2464 8.
1004 2437 1046 2478 p.
1067 2437 1123 2464 m.
1145 2430 1316 2464 cometae
1336 2423 1547 2465 existentis
1571 2423 1626 2485 ins
1642 2423 1672 2466 S
1702 2422 1896 2465 distantia
1914 2425 1940 2464 a

220 2493 337 2536 stella
371 2495 408 2536 C
438 2503 526 2536 erat
545 2495 568 2549 ζ
594 2495 631 2536 F
653 2493 688 2535 C
718 2492 1045 2550 quamproxime.
1105 2493 1316 2535 Distantia
1345 2493 1473 2535 stellae
1495 2493 1531 2535 F
1551 2509 1576 2535 a
1594 2492 1706 2535 recta
1728 2493 1765 2535 C
1787 2493 1818 2534 S
1842 2506 1940 2547 pro-

222 2564 347 2606 ducta
376 2573 464 2606 erat
485 2567 537 2617 ἐς
569 2565 604 2606 F
627 2564 663 2606 C
674 2581 686 2615 3
723 2572 764 2606 et
790 2563 983 2605 distantia
1013 2563 1141 2605 stellae
1163 2563 1201 2605 B
1221 2563 1274 2605 ab
1294 2562 1438 2605 eadem
1458 2563 1584 2614 recta,
1613 2571 1701 2604 erat
1719 2561 1939 2618 quintuplo

221 2621 355 2693 major
376 2636 500 2694 quam
521 2636 715 2678 distantia
736 2635 865 2678 stellae
887 2635 936 2676 F.
998 2634 1107 2676 Item
1126 2642 1239 2676 recta
1268 2633 1311 2676 N
1334 2635 1364 2677 S
1392 2633 1595 2690 producta
1613 2631 1815 2674 transibat
1835 2632 1942 2674 inter

223 2710 361 2752 stellas
388 2709 442 2767 Η
466 2717 508 2751 et
538 2709 574 2761 Ι,
609 2707 828 2766 quintuplo
857 2706 924 2749 vel
954 2705 1146 2762 sextuplo
1171 2705 1343 2762 propior
1367 2705 1547 2748 existens
1571 2703 1700 2746 stellae
1736 2703 1786 2746 H
1817 2701 1942 2760 quam

224 2781 354 2823 stellae
377 2782 411 2823 Ι.
913 2816 920 2824 ,

283 2852 367 2893 Die
389 2852 557 2894 Saturni
578 2851 707 2894 Mart.
730 2859 770 2894 5.
790 2850 882 2892 hor.
905 2852 985 2902 115
1006 2864 1048 2905 p.
1068 2863 1123 2890 m.
1144 2847 1303 2890 cometa
1322 2847 1524 2890 existente
1543 2846 1588 2888 in
1608 2846 1663 2898 T,
1699 2854 1812 2888 recta
1832 2844 1886 2888 M
1901 2843 1944 2887 T

225 2922 394 2978 aequalis
421 2931 509 2964 erat
538 2924 563 2975 ᾖ
595 2922 647 2964 Μ
668 2921 721 2972 L,
753 2929 794 2962 et
821 2929 934 2962 recta
955 2920 993 2961 L
1014 2919 1056 2961 T
1080 2919 1284 2974 producta
1303 2917 1502 2960 transibat
1520 2917 1628 2959 inter
1649 2916 1687 2959 B
1708 2924 1749 2958 et
1770 2916 1819 2967 F,
1842 2929 1943 2972 qua-

226 2991 376 3046 druplo
397 2993 462 3035 vel
484 2991 704 3048 quintuplo
723 2991 895 3046 propior
917 2991 953 3032 F
973 2989 1095 3046 quam
1118 2990 1169 3040 B,
1194 2988 1380 3031 auferens
1401 3002 1425 3028 a
1448 2987 1486 3029 B
1503 2987 1540 3029 F
1559 2986 1744 3043 quintam
1764 2985 1830 3027 vel
1849 2999 1941 3026 sex-

227 3072 311 3105 tam
333 3064 419 3119 ejus
440 3072 601 3119 partem
621 3077 765 3104 versus
788 3062 835 3103 F.
889 3062 944 3102 Et
961 3061 1013 3102 M
1030 3060 1072 3102 T
1085 3059 1290 3116 producta
1302 3059 1502 3105 transibat
1521 3065 1639 3099 extra
1652 3055 1835 3111 spatium
1855 3054 1891 3096 B
1907 3054 1943 3097 F

228 3134 281 3176 ad
311 3141 448 3189 partes
479 3133 607 3174 stellae
639 3133 689 3184 B,
722 3132 957 3189 quadruplo
983 3131 1154 3187 propior
1184 3129 1363 3172 existens
1385 3129 1513 3171 stellae
1536 3128 1574 3170 B
1594 3125 1717 3184 quam
1736 3125 1866 3168 stellae
1894 3125 1942 3168 F.
