2072 3522
206 287 260 326 22
576 279 1026 325 PHILOSOPHIAE
1058 279 1417 323 NATURALIS
1476 281 1569 334 [DE
1591 281 1752 325 Mum).
1775 283 1895 326 Sm.

514 449 888 493 PROPOSITIO
919 450 1073 491 XXX.
1135 449 1478 492 PROBLEMA
1507 450 1589 492 XI.

394 563 578 606 Invenire
595 570 736 606 motum
755 564 957 605 horarium
977 564 1164 604 nodorum
1185 562 1316 603 Lunae
1336 565 1380 604 in
1398 564 1490 604 orbe
1509 565 1708 606 circulari.

262 676 466 734 Designet
487 676 517 719 S
539 675 690 726 solem,
713 674 755 716 T
775 674 963 725 Terram,
997 673 1032 715 P
1054 673 1232 724 Lunam,
1255 673 1299 715 N
1319 674 1355 715 P
1373 688 1402 714 n
1422 675 1567 715 orbem
1586 675 1733 726 Lunoe,
1757 675 1801 718 N
1818 690 1848 732 p
1867 688 1899 717 ιι

207 749 258 805 (⁴¹)
291 750 504 807 vestigium
537 749 647 791 orbis
676 748 720 790 in
746 748 872 803 plano
893 746 1114 802 eclipticae3
1147 745 1204 796 N,
1237 761 1266 787 n
1299 746 1445 797 nodos,
1481 762 1510 787 n
1532 747 1574 788 T
1594 746 1637 788 N
1670 762 1714 789 m
1746 747 1899 790 lineam

206 823 409 865 nodorum
438 822 596 864 infinite
619 821 892 877 ,productam
925 819 960 861 P
981 819 1017 869 1,
1050 818 1086 860 P
1108 817 1151 860 K
1179 817 1474 873 perpendicula
1493 818 1669 860 demissa
1697 819 1742 861 in
1769 819 1898 862 lineas

207 895 238 938 S
269 894 322 945 T,
360 894 403 944 Q
434 909 461 950 q
475 910 485 943 3
519 894 554 935 P
582 908 610 948 p
643 890 984 948 perpendiculum
1003 889 1226 932 demissum
1254 889 1298 931 in
1325 889 1498 946 planum
1517 890 1739 946 eclipticae3
1768 892 1823 943 A,
1858 891 1898 936 B

206 967 390 1024 syzygias
412 967 545 1008 Lunae
565 966 608 1006 in
627 965 752 1019 plano
771 963 994 1018 eclipticae3

207 1038 249 1079 A
269 1037 304 1079 Z
328 1035 670 1092 perpendiculum
689 1034 732 1076 in
750 1034 902 1076 lineam
921 1048 998 1074 no-

206 1107 356 1148 dorum
394 1107 437 1148 N
469 1122 498 1147 n
510 1123 521 1156 ;
563 1106 618 1156 Q,
660 1120 688 1161 q
726 1104 996 1160 quadraturas

209 1177 342 1219 Lunae
370 1177 413 1217 in
441 1177 566 1232 plano
586 1175 797 1231 eclipticae,
830 1182 871 1216 et
897 1189 926 1229 p
955 1174 998 1216 K

205 1248 546 1304 perpendiculum
593 1248 638 1288 in
684 1247 836 1288 lineam
885 1246 928 1295 Q
970 1260 999 1301 q

206 1319 465 1376 quadraturis
512 1318 833 1374 interjacentem.
922 1316 997 1357 Vis

209 1389 317 1432 Solis
362 1389 414 1430 ad
462 1387 790 1444 perturbandum
838 1394 997 1428 motum

207 1464 299 1516 (per
340 1460 465 1516 Prop.
509 1460 676 1512 XXV.)
725 1459 882 1514 duplex
920 1467 995 1510 est,
1070 1495 1092 1508 ‚,

206 1531 334 1573 altera
375 1531 495 1572 lineae
535 1530 572 1571 L
613 1530 666 1572 M
709 1530 753 1570 in
791 1529 998 1585 schemate

208 1601 508 1657 Propositionis
547 1600 670 1650 illius,
711 1600 840 1642 altera
878 1600 1000 1642 lineae

208 1672 260 1715 M
283 1672 326 1714 T
352 1672 682 1727 proportionalis.
743 1672 800 1714 Et
820 1671 942 1714 Luna
961 1672 1002 1714 vi

206 1743 345 1798 priore
383 1743 427 1783 in
467 1742 656 1794 Terram,
697 1743 924 1797 posteriore
958 1743 1002 1784 in

207 1815 348 1860 Solem
399 1815 625 1857 secundum
672 1815 823 1857 lineam
875 1823 999 1857 rectae

208 1887 238 1930 S
260 1887 301 1930 T
320 1903 344 1929 a
364 1888 498 1929 Terra
518 1888 571 1929 ad
592 1886 732 1930 Solem
761 1887 895 1929 ductae
915 1888 1153 1944 parallelam
1172 1888 1359 1930 trahitur.
1420 1888 1495 1949 Vis
1526 1889 1642 1944 prior
1677 1888 1715 1929 L
1737 1887 1789 1930 M
1819 1887 1905 1944 agit

206 1958 433 2001 secundum
447 1959 617 2015 planum
632 1960 741 2001 orbis
760 1960 928 2011 lunaris,
951 1968 993 2002 et
1010 1969 1230 2015 propterea
1246 1961 1369 2002 situm
1388 1960 1502 2016 plani
1521 1961 1580 2002 nil
1598 1969 1742 2002 mutat.
1794 1960 1904 2002 Hoec

206 2030 332 2087 igitur
350 2030 599 2088 negligenda
618 2038 692 2072 est.
751 2030 824 2072 Vis
843 2030 1047 2086 posterior
1070 2031 1121 2072 M
1142 2032 1183 2073 T
1203 2030 1283 2087 qua
1303 2031 1472 2086 planum
1502 2031 1614 2072 orbis
1634 2031 1790 2072 lunaris
1809 2045 1904 2086 per-

206 2101 409 2151 turbatur,
448 2102 496 2155 (Ε)
519 2101 663 2142 eadem
698 2108 760 2142 est
794 2089 892 2142 cumv
918 2101 958 2141 vi
989 2108 1012 2143 3
1037 2102 1073 2143 Ρ
1095 2102 1137 2142 Κ
1157 2102 1221 2143 vel
1243 2108 1266 2144 3
1289 2102 1311 2143 Ι
1333 2102 1386 2144 Τ.
1447 2100 1490 2157 (f)
1524 2102 1580 2143 Et
1602 2101 1694 2142 hoec
1721 2101 1783 2142 vis
1813 2105 1906 2157 (per

210 2171 335 2226 Prop.
358 2169 525 2224 XXV.)
556 2180 618 2213 est
637 2171 691 2212 ad
710 2171 792 2212 vim
813 2171 894 2227 qua
917 2172 1040 2213 Luna
1059 2173 1102 2213 in
1122 2173 1276 2215 circulo
1296 2173 1405 2215 circa
1424 2173 1602 2216 Terram
1628 2174 1905 2229 quiescentem

206 2250 393 2298 tempore
428 2258 503 2284 suo
535 2243 747 2298 periodioo
766 2243 1025 2285 uniformiter
1054 2245 1209 2287 revolvi
1228 2254 1380 2301 posset,
1415 2254 1462 2287 ut
1497 2253 1522 2288 3
1545 2247 1566 2287 Ι
1588 2246 1630 2287 Τ
1661 2245 1713 2286 ad
1743 2245 1906 2286 radium

208 2314 350 2356 circuli
368 2314 685 2369 multiplicatum
702 2329 779 2370 per
798 2329 1016 2357 numerum
1042 2321 1235 2367 178.725‚
1268 2318 1352 2359 sive
1371 2325 1417 2358 ut
1438 2315 1460 2357 I
1483 2318 1525 2359 T
1543 2317 1596 2358 ad
1616 2317 1779 2358 radium
1797 2316 1904 2358 mul-

207 2386 435 2441 tiplicatum
454 2400 530 2441 per
551 2391 718 2431 59.575.
766 2387 974 2429 Caeterum
994 2388 1135 2447 ixl-hoc
1157 2389 1326 2439 calculo,
1349 2397 1390 2431 et
1409 2405 1459 2431 eo
1479 2390 1593 2431 omni
1614 2391 1684 2446 qui
1705 2390 1903 2446 sequitur,

209 2457 422 2501 considero
441 2458 569 2499 lineas
589 2472 732 2500 omnes
752 2474 777 2500 a
796 2458 917 2501 Luna
938 2460 992 2501 ad
1014 2460 1151 2502 Solem
1172 2460 1314 2502 ductas
1334 2468 1529 2518 tanquam
1548 2462 1764 2518 parallelas
1783 2462 1904 2504 lineae

209 2547 301 2588 quae
322 2547 347 2573 a
366 2531 498 2574 Terrfi
519 2531 573 2573 ad
595 2532 735 2574 Solem
753 2531 928 2582 ducitur,
962 2533 1013 2587 (Β)
1033 2541 1252 2588 propterea
1273 2533 1384 2589 quod
1408 2534 1618 2576 inclinatio
1638 2532 1799 2576 tantum
1817 2534 1904 2577 fere

252 2658 295 2702 (ὖ)
320 2661 337 2679 ⁴*
362 2660 522 2699 Vestigium
537 2660 611 2691 orbis
624 2660 659 2690 in
669 2660 762 2699 plano
776 2659 924 2698 eclipticae.
960 2658 1034 2688 Hoc
1075 2657 1229 2697 periodico
1243 2658 1355 2689 revolvi
1370 2665 1479 2699 posset,
1496 2665 1531 2690 ut
1547 2663 1561 2690 1
1580 2659 1621 2690 ad
1639 2663 1775 2692 178.795
1791 2661 1901 2702 (Prop.

210 2709 256 2733 est
275 2701 356 2733 orbis
370 2701 493 2742 genitus
506 2701 696 2732 demittendo
709 2710 747 2732 ex
761 2700 892 2741 singulis
914 2699 1034 2738 punctis
1078 2701 1193 2731 XXV.
1210 2707 1274 2731 not.
1294 2701 1332 2740 r).
1380 2702 1476 2741 Ergo,
1505 2711 1542 2732 ex
1557 2712 1653 2742 aequo,
1681 2708 1712 2733 at
1732 2703 1906 2744 conjunctis

210 2744 315 2775 orbitae
326 2744 441 2775 lunaris
452 2743 667 2783 perpendicula
680 2742 720 2775 ad
733 2743 861 2782 planum
873 2742 1030 2782 eclipticae.
1076 2743 1254 2780 rationibus,
1280 2750 1326 2774 est
1339 2744 1384 2773 vis
1401 2744 1437 2774 M
1455 2744 1484 2774 T
1498 2744 1537 2774 ad
1553 2743 1615 2774 vim
1629 2742 1692 2785 qua
1708 2745 1802 2775 Luna
1825 2745 1905 2776 circa

254 2786 300 2827 (⁸)
317 2789 334 2807 ⁴
349 2788 467 2818 Eadem
484 2793 526 2818 est
540 2798 613 2818 cum
627 2788 657 2818 vi
670 2790 691 2818 3
703 2786 780 2818 PK
794 2785 904 2828 (Prop.
920 2784 1032 2815 XXV·
1080 2786 1208 2816 Terram
1224 2792 1360 2824 tempore
1374 2795 1430 2816 suo
1444 2785 1597 2824 periodioo
1618 2786 1732 2818 revolvi
1748 2793 1849 2826 posset
1868 2793 1905 2819 ut

211 2834 274 2859 not.
293 2829 334 2868 ¹¹).
1077 2833 1123 2858 est
1145 2831 1164 2856 :3
1182 2827 1199 2859 1
1218 2828 1247 2859 T
1271 2827 1311 2858 ad
1332 2827 1453 2858 radium
1469 2827 1574 2859 circuli
1596 2829 1836 2869 multiplicatum
1850 2839 1905 2869 per

253 2870 294 2911 (f)
320 2874 335 2889 ‘
356 2872 398 2902 Et
412 2874 475 2903 lzaec
489 2873 533 2903 vis
553 2877 596 2903 esc
610 2874 650 2902 ad
665 2872 724 2902 vim
739 2868 800 2911 qud
818 2871 910 2901 Luna
928 2871 962 2901 in
976 2872 1035 2901 cir-
1081 2872 1226 2900 17·8·725.

211 2914 280 2944 culo
316 2915 395 2944 circa
431 2916 554 2945 Terram
591 2916 791 2955 quiexemem
825 2918 954 2951 tempore
982 2923 1036 2944 suo
1121 2912 1166 2953 (Β)
1193 2914 1210 2932 *
1236 2914 1397 2952 Propterea
1420 2914 1499 2952 quod
1521 2914 1676 2945 inclinatio
1698 2914 1820 2946 tannim
1829 2913 1906 2956 ‚fir-2

206 2956 353 2996 periodica
369 2957 560 2998 unfformiter
574 2957 681 2988 revolvi
692 2960 798 2996 pauet.
840 2954 898 2984 vis
913 2954 943 2984 T
956 2955 994 2985 M
1078 2956 1190 2986 minuit
1204 2956 1324 2997 effectus
1338 2965 1439 2986 omnes
1459 2956 1494 2986 in
1515 2956 1664 2995 aliquibus
1678 2958 1791 2987 casibus

211 3002 258 3027 est
281 2997 321 3027 ad
345 2998 407 3027 vim
435 2999 471 3029 M
490 2999 518 3029 L
544 3005 580 3028 ut
601 3004 646 3029 est
667 3002 688 3029 :3
705 2997 733 3029 Ρ
751 2996 784 3028 K
805 2996 868 3027 aive
883 3001 902 3027 8
920 2997 934 3026 1
954 2997 984 3027 T
998 2996 1038 3027 ad
1079 2996 1145 3028 tam
1158 3003 1248 3036 auget
1263 2998 1296 3028 in
1309 2999 1387 3028 aliis.
1428 2996 1573 3036 Exempli
1589 2997 1694 3038 gratia,
1709 2998 1771 3030 aiat
1783 2997 1858 3029 nodi
1872 2997 1908 3028 in

212 3038 334 3070 radium
356 3039 464 3081 (Prop.
484 3041 620 3071 XXVI.
646 3046 710 3071 not.
734 3039 799 3079 1.);
821 3039 866 3069 vis
888 3038 926 3070 M
942 3039 972 3070 L
993 3045 1040 3070 est
1080 3038 1280 3079 quadraturis,
1306 3044 1517 3080 specteturque
1533 3039 1626 3070 Luna
1639 3041 1671 3071 in
1687 3040 1808 3080 punctis
1832 3039 1861 3071 P
1874 3044 1906 3071 et

212 3080 251 3112 ad
277 3081 339 3112 vim
364 3080 427 3123 qua
451 3083 544 3114 Luna
569 3083 648 3114 circa
675 3083 803 3114 Terram
828 3087 964 3122 tempore
982 3091 1040 3113 suo
1086 3082 1116 3113 R
1131 3080 1288 3122 aequaliter
1302 3092 1321 3113 a
1334 3081 1528 3123 quadraturis
1544 3082 1578 3113 N
1592 3088 1624 3113 et
1637 3093 1659 3113 n
1679 3082 1862 3114 distantibus
1873 3086 1906 3112 et
