2072 3522
238 250 320 287 186
643 238 1098 286 PHILOSOPHIAE
1127 238 1492 283 NATURALIS
1531 219 1949 291 [DEMUNn.SYs1·.

232 358 304 415 qui
321 372 371 399 ex
389 355 438 397 εᾶ
458 357 583 397 exivit
603 357 719 397 valde
738 357 870 396 clarus
889 360 928 395 et
947 354 1064 407 quasi
1083 352 1223 407 ingens
1241 352 1353 394 trabs
1372 352 1430 392 ad
1446 351 1636 392 orientem
1656 357 1695 392 et
1724 350 1950 405 aquilonem

230 429 431 478 tendebat,
467 434 515 468 ut
544 426 670 468 habet
704 427 827 467 etiam
859 423 1065 466 Hevelius
1097 438 1151 465 ex
1187 422 1381 465 Simeone
1413 422 1705 465 Dunelmensi'
1720 420 1949 464 Monaeho.

219 498 445 556 ‘Apparuit
463 497 582 538 initio
602 497 755 538 mensis
777 494 1006 545 Februarii,
1029 509 1078 536 ac
1094 493 1290 549 deinceps
1310 493 1421 535 circa
1435 507 1664 548 vesperam,
1686 492 1740 534 ad
1757 504 1951 534 occasum

241 569 352 611 Solis
380 567 622 610 brumalem.
683 566 804 631 Inde)
818 565 919 607 vero
939 573 981 607 et
999 580 1053 607 ex
1073 566 1154 607 situ
1174 552 1319 607 caude}
1339 564 1547 622 colligitur
1566 571 1691 619 caput
1710 564 1835 606 fuisse
1863 563 1952 607 Soli

231 639 429 681 vicinum.
503 638 545 680 A
564 640 666 688 Sole,
688 636 823 694 inquit
844 636 1074 678 Matthaeus
1097 636 1352 688 Parisiensis,
1375 636 1553 678 distabat
1573 636 1689 690 quasi
1707 635 1839 677 cubito
1856 649 1949 686 uno,

231 712 284 754 ab
310 711 412 754 liora*
441 711 566 753 tertia
598 708 768 769 (rectius
788 708 921 762 sexta)
951 723 1072 763 usque
1090 710 1148 750 ad
1164 710 1304 750 horam
1324 722 1471 749 nonam
1488 709 1649 748 radium
1669 722 1718 748 ex
1736 721 1777 748 se
1795 708 1953 762 longum

231 785 424 826 emittens.
467 782 584 825 Talis
604 783 729 824 etiam
749 790 838 823 erat
857 781 1168 823 ardentissimus
1187 781 1256 823 ille
1276 789 1436 823 cometa
1455 780 1508 822 ab
1529 779 1754 822 Aristotele
1770 779 1954 835 descrip-

229 863 299 898 tus
319 855 416 897 Lib.
440 855 475 897 Ι.
498 854 680 896 Meteor.
702 853 795 905 VL,
818 852 1067 908 cujusxcaput
1086 854 1224 906 primo
1243 854 1311 894 die
1329 866 1410 893 non
1430 857 1672 905 conspectum
1692 856 1762 901 est,
1784 865 1829 892 eo
1849 853 1956 906 quod

229 935 325 970 ante
358 929 486 971 Solem
517 930 579 980 vel
610 929 750 969 saltem
783 927 853 975 sub
885 928 1019 968 radiis
1049 926 1246 968 solaribus
1276 926 1494 975 occidisset,
1529 930 1712 978 sequente
1751 921 1845 965 vero
1885 924 1953 966 die

233 1008 424 1057 quantum
446 1002 585 1055 potuit
614 994 739 1041 visum
768 1006 840 1041 est.
891 999 1009 1043 ,Nam
1030 1013 1147 1054 quam
1166 999 1332 1040 minima
1334 998 1443 1052 fieri
1453 1002 1589 1052 potest
1608 996 1807 1037 distantia
1827 996 1974 1038 Solem*

231 1075 417 1128 reliquit,
440 1079 479 1114 et
498 1087 587 1113 mox
607 1072 796 1114 occubuit.
842 1071 903 1113 Ob
921 1072 1086 1113 nimium
1107 1073 1291 1112 ardorem
1312 1069 1475 1126 (caudae
1494 1069 1664 1121 scilicet)
1686 1070 1859 1110 nondum
1877 1083 1954 1123 ap-

225 1145 402 1199 parebat
429 1145 578 1198 capitis
604 1158 766 1198 sparsus
795 1144 914 1198 ignis,
941 1144 1012 1184 sed
1031 1144 1273 1196 procedente
1292 1149 1465 1196 tempore
1492 1141 1567 1197 (ait
1586 1139 1848 1192 Aristoteles)
1868 1137 1972 1182 cum.

233 1216 399 1273 (cauda)
419 1216 514 1270 jam
543 1217 673 1258 minus·
688 1217 915 1273 flagraret,
950 1216 1114 1257 reddita
1148 1221 1205 1257 est
1227 1213 1386 1269 (capiti)
1416 1220 1574 1255 cometae
1599 1227 1672 1254 sua
1685 1213 1836 1268 facies.
1894 1214 1956 1255 Et

230 1291 477 1343 splendorem
506 1304 616 1331 suum
644 1291 702 1330 ad
729 1290 891 1330 tertiam
920 1303 1041 1343 usque
1059 1289 1150 1330 coeli
1160 1295 1325 1342 partem
1355 1273 1417 1343 (id
1436 1294 1510 1337 est,
1532 1286 1587 1328 ad
1607 1287 1725 1339 60⁸⁸.)
1759 1287 1952 1328 extendit.

234 1362 447 1416 Apparuit
475 1368 606 1403 autem
634 1368 809 1416 tempore
828 1361 1001 1417 hyberno
1033 1364 1116 1416 (an.
1139 1366 1180 1402 4.
1203 1360 1374 1417 Olymp.
1400 1359 1512 1412 101.)
1542 1366 1582 1401 et
1605 1349 1819 1401 ascendens
1837 1372 1958 1414 usque

231 1437 288 1475 ad
315 1436 514 1489 cingulum
545 1435 711 1476 Orionis
741 1435 801 1475 ibi
831 1436 1006 1476 evanuit.
1070 1434 1246 1476 Cometa
1278 1434 1347 1481 ille
1378 1433 1477 1475 anni
1514 1439 1637 1484 1618,
1672 1433 1743 1489 qui
1773 1448 1798 1474 e
1830 1432 1958 1474 radiis

234 1505 437 1547 solaribus
467 1504 782 1547 caudatissimus
812 1506 991 1557 emersit,
1026 1505 1163 1547 stellas
1193 1505 1340 1561 primae
1369 1505 1666 1562 magnitudinis
1695 1519 1862 1561 aequare
1890 1503 1959 1546 vel

235 1578 363 1633 paulo
384 1593 580 1634 superare
601 1579 832 1630 videbatur,
864 1564 938 1621 sed
966 1580 1144 1635 majores
1171 1592 1401 1634 apparuere
1422 1586 1596 1620 cometae
1615 1591 1700 1619 non
1719 1577 1855 1632 pauci,
1887 1576 1960 1632 qui

236 1651 390 1693 caudas
410 1652 620 1693 breviores
634 1651 835 1693 habuere.
897 1651 1072 1693 Horum
1091 1650 1219 1707 aliqui
1237 1651 1399 1702 Jovem,
1430 1650 1500 1692 alii
1519 1650 1728 1691 Venerem
1746 1648 1813 1690 vel
1833 1648 1958 1690 etiam

237 1721 402 1763 Lunam
422 1737 608 1777 aequasse
634 1721 868 1763 traduntur.
1499 1736 1503 1739 ·

294 1790 345 1846 (¹¹)
362 1791 562 1832 Diximus
583 1799 763 1833 cometas
783 1805 874 1832 esse
893 1805 1027 1847 genus
1046 1791 1309 1846 planetarum
1328 1791 1372 1832 in
1392 1790 1563 1832 orbibus
1583 1789 1704 1831 valde
1720 1780 1959 1831 ecce'ntricis

237 1863 347 1904 circa
378 1862 517 1904 Solem
546 1862 857 1904 revolventium.
932 1862 989 1904 Et
1016 1861 1369 1918 quemadmodum
1398 1876 1421 1903 e
1449 1861 1627 1916 planetis
1657 1874 1744 1901 non
1773 1859 1960 1902 caudatis

233 1938 416 1979 minores
446 1951 538 1979 esse
559 1937 704 1987 solent,
737 1936 809 1992 qui
835 1936 879 1978 in
898 1936 1069 1978 orbibus
1089 1936 1321 1978 minoribus
1341 1943 1383 1977 et
1406 1935 1493 1977 Soli
1512 1933 1778 1990 propioribus
1806 1947 1960 1990 gyran-

232 2018 314 2061 tur,
347 2009 405 2051 sic
436 2009 560 2051 etiam
581 2017 776 2059 cometas,
810 2010 880 2066 qui
909 2010 953 2051 in
972 2008 1184 2065 periheliis
1205 2008 1289 2051 suis
1309 2008 1363 2051 ad
1386 2008 1526 2051 Solem
1545 2005 1720 2064 propius
1740 2006 1956 2058 accedunt,

235 2090 281 2123 ut
300 2081 526 2136 plurimum
547 2081 728 2122 minores
749 2094 852 2141 esse,
875 2095 929 2122 ne
951 2081 1093 2123 Solem
1111 2081 1359 2124 attractione
1379 2079 1452 2122 sua
1472 2080 1596 2122 nimis
1617 2080 1785 2137 agitent,
1806 2078 1959 2120 rationi

234 2160 559 2195 consentaneum
588 2152 764 2213 videtur.
810 2151 869 2208 '(¹)
904 2152 1084 2195 Orbium
1113 2152 1213 2195 vero
1241 2160 1494 2194 transversas
1524 2151 1746 2193 diametros
1767 2157 1810 2191 et
1836 2163 1957 2191 revo-

234 2226 439 2268 lutionum
466 2214 656 2282 tempora
683 2224 908 2282 periodica,
939 2239 994 2269 ex
1015 2225 1234 2269 collatione
1255 2232 1508 2268 cometarum
1537 2224 1581 2265 in
1609 2222 1756 2265 iisdem
1782 2221 1956 2264 orbibus

279 2394 327 2437 (Β)
346 2398 416 2427 171.
435 2398 452 2416 ⁴*
470 2397 615 2437 ,Diximus
630 2402 762 2428 cometas
775 2395 843 2428 esse⁴
852 2407 951 2437 genus
966 2398 1076 2438 plane·

235 2444 350 2475 tarum,
367 2438 461 2479 idque
476 2439 663 2479 gravissimis
677 2440 846 2470 rationibus
860 2440 1072 2471 confirmatur.

239 2479 313 2511 Hac
338 2481 422 2511 enim
447 2481 527 2512 facta
555 2482 716 2521 hypothesi
746 2482 992 2523 computatisque
1019 2493 1075 2522 per

236 2524 398 2560 methodos
425 2523 633 2563 praecedentes
663 2531 855 2555 cometarum
884 2525 1073 2566 tmjectoriis,

236 2566 416 2607 hujusmodi
438 2566 617 2607 trajectoriae
633 2577 753 2606 semper
768 2577 840 2598 cum
861 2568 1074 2606 phaenomenis

236 2615 415 2649 congruunt
429 2609 662 2649 quamproxime
682 2610 794 2640 clariss.
816 2610 963 2640 Halleius
977 2610 1076 2650 suspi-

236 2657 325 2682 catur
345 2658 497 2682 cometam
519 2662 569 2682 an.
593 2655 682 2683 15:31.
702 2654 741 2683 ab
766 2653 913 2692 Appiano
935 2654 1075 2684 observa-

237 2699 316 2730 tum,
343 2694 478 2724 eundem
504 2695 600 2725 fuisse
623 2705 696 2725 cum
720 2695 774 2725 illo
798 2695 851 2736 qui
875 2705 958 2725 anno
981 2698 1072 2727 1607.

237 2735 409 2776 descriptus
430 2743 477 2767 est
497 2747 516 2767 a
540 2737 678 2777 Keplero
697 2744 728 2768 et
751 2737 1021 2778 Longomontano,
1045 2744 1078 2769 et

237 2789 331 2819 quem
358 2778 505 2809 Halleius
530 2779 596 2819 ipse
620 2780 801 2811 redeuntem
831 2781 1001 2811 observavit
1023 2791 1072 2812 an.

242 2824 334 2851 1682.
353 2821 546 2862 quadrabant
560 2822 643 2852 enim
660 2823 815 2853 elementa
825 2823 939 2860 omnia,
951 2823 1077 2864 solaque

238 2863 434 2902 periodorum
444 2865 635 2905 inoequalitas
644 2865 795 2896 adversari
806 2865 976 2896 videbatur.
1013 2867 1074 2897 Ve-

240 2905 309 2935 rum
322 2912 406 2936 tanta
422 2916 483 2936 non
496 2907 558 2938 fuit
572 2908 764 2948 inaequalitas
774 2908 826 2938 ina
839 2915 874 2938 ut
884 2907 984 2939 causis
998 2910 1076 2949 phy-

240 2948 310 2978 sicis
324 2948 454 2979 adscribi
470 2959 532 2979 non
548 2949 650 2989 possit.
701 2950 824 2981 Saturni
839 2951 924 2981 enim
941 2958 1044 2982 motus
1058 2961 1077 2982 a

239 2991 358 3020 caeteris
380 2991 510 3030 planetis
525 2998 556 3022 et
577 2994 745 3031 pra-sertim
761 3004 779 3023 a
793 2993 872 3025 Jove
892 2993 936 3024 ita
957 3000 1077 3033 pertur-

239 3033 332 3062 batur
356 3039 392 3063 ut
414 3043 469 3072 per
494 3034 610 3074 aliquot
631 3034 697 3065 dies
716 3035 851 3076 integros
873 3035 1024 3066 incertum
1041 3036 1081 3066 sit

239 3075 335 3117 hujus
347 3075 479 3116 planetae
495 3082 617 3118 tempus
631 3077 832 3118 periodicum.
871 3078 971 3110 Recte
986 3079 1080 3110 etiam

1119 2395 1334 2428 animadvertit
1355 2396 1469 2428 clariss.
1498 2395 1646 2427 Cassinus
1675 2395 1708 2426 in
1734 2393 1826 2426 Mon.
1854 2393 1951 2425 Paris.

1122 2444 1214 2472 1699·
1230 2447 1382 2471 cometam
1404 2439 1530 2470 diversis
1551 2438 1741 2478 temporibus
1760 2439 1956 2469 observatum

1117 2481 1251 2522 ide6que
1272 2493 1327 2521 pro
1351 2482 1473 2513 duobus
1498 2482 1625 2512 cometis
1644 2487 1836 2520 usurpatum,
1853 2488 1957 2510 unum

1118 2525 1316 2566 eundemque
1327 2535 1393 2555 esse
1407 2534 1504 2564 posse,
1515 2524 1586 2554 licet
1596 2532 1660 2554 non
1671 2521 1856 2554 conveniant
1869 2522 1952 2552 inter

1117 2578 1150 2598 se
1165 2568 1271 2598 omnia
1286 2573 1431 2598 motuum
1445 2567 1617 2604 elementa3
1640 2565 1706 2596 fieri
1720 2564 1835 2595 scilicet
1854 2570 1958 2604 potent

1120 2617 1157 2641 ut
1185 2620 1269 2640 unus
1297 2610 1442 2651 idemque
1465 2616 1585 2640 cometa
1611 2608 1659 2639 bis
1687 2609 1864 2638 observatus
1892 2611 1958 2637 non

1118 2660 1200 2684 secet
1220 2652 1392 2692 eclipticam
1407 2654 1465 2683 sub
1480 2653 1586 2682 eodem
1601 2650 1718 2690 angulo
1739 2655 1770 2680 et
1790 2650 1824 2680 in
1845 2649 1956 2680 iisdem

1119 2695 1204 2733 locis,
1230 2702 1266 2726 ut
1280 2702 1409 2726 cometae
1429 2695 1523 2734 hujus
1537 2692 1681 2724 velocitas
1697 2693 1727 2722 in
1742 2692 1878 2733 perigoeo
1892 2700 1956 2722 non

1120 2738 1160 2769 sit
1188 2737 1306 2768 eadem.
1371 2737 1499 2768 Talibus
1526 2736 1611 2766 enim
1645 2736 1799 2766 erroribus
1826 2734 1958 2774 allisque

1120 2781 1263 2821 plurimis
1286 2780 1380 2811 Luna
1400 2786 1447 2811 est
1466 2778 1609 2810 obnoxia.
1659 2778 1817 2809 Caeterum
1838 2776 1953 2808 clariss.

1123 2823 1269 2854 Halleius
1291 2823 1456 2864 diligenter
1477 2821 1634 2861 perpensis
1663 2821 1800 2851 moribus
1827 2823 1957 2850 cometa

1120 2875 1170 2897 nu.
1195 2870 1286 2897 1682.
1311 2867 1407 2907 hujus
1431 2870 1560 2895 cometa»
1588 2863 1724 2894 reditum
1749 2871 1833 2893 anno
1861 2863 1953 2900 1768.

1122 2909 1264 2939 futurum
1280 2919 1344 2939 esse
1358 2906 1508 2947 praedixit.

1165 2951 1206 2993 (¹)
1231 2954 1248 2971 ”
1269 2952 1395 2983 Orbium
1409 2949 1478 2981 verb
1493 2957 1679 2980 transversas
1693 2949 1854 2979 diametros
1867 2950 1896 2976 et
1910 2953 1960 2976 n-

1127 2995 1316 3025 volutianum
1337 2999 1472 3033 tempora
1491 2993 1655 3031 periodica.
1699 2990 1781 3020 Hac
1803 2989 1867 3019 duo
1880 2986 1960 3018 obti-

1125 3037 1192 3066 neri
1217 3042 1347 3076 possunt
1371 3039 1426 3076 per
1447 3033 1629 3066 methodum
1652 3040 1739 3063 num.
1766 3034 1836 3063 160.
1865 3034 1962 3071 exp&

1122 3079 1220 3110 sitam.
