2072 3522
235 240 290 276 *26

606 233 1057 278 PHILOSOPHIAE
1090 233 1449 277 NATURALIS
1508 234 1603 286 [DE
1625 234 1787 276 Mum).
1811 235 1935 280 διιεῖ.

236 347 312 390 ties
340 347 503 405 signum
524 348 664 405 anguli
684 348 852 404 aliquus
883 348 936 389 de
965 348 1206 390 affirmativo
1235 348 1277 388 in
1307 350 1555 406 negativum,
1587 350 1720 407 deque
1739 351 1934 408 negativo

235 420 280 462 in
310 420 597 462 affirmativum
615 429 809 471 mutatur,
843 420 1009 462 debebit
1027 428 1161 461 motus
1192 421 1444 477 regressivus
1476 421 1519 461 in
1550 422 1856 479 progressivum
1891 430 1933 463 et

234 491 515 548 progressivus
548 492 592 534 in
626 492 901 549 regressivum
934 492 1097 533 mutari.

1159 491 1286 533 Unde
1320 492 1367 533 fit
1401 500 1447 533 ut
1480 492 1579 533 nodi
1612 492 1932 548 progrediantur

234 563 393 619 quoties
415 563 537 605 Luna
554 563 662 605 inter
681 562 973 619 quadraturam
992 562 1231 603 alterutram
1261 570 1302 604 et
1330 562 1484 603 nodum
1507 562 1768 617 quadraturae
1787 562 1930 617 proxi-

231 649 347 677 mum
367 643 564 677 versatur.

625 635 729 676 Aliis
749 635 794 675 in
813 634 971 677 casibus
992 634 1295 691 regrediuntur,
1328 642 1369 676 et
1387 649 1463 689 per
1483 648 1697 675 excessum
1716 649 1928 691 regressus

234 721 358 762 supra
377 721 638 764 progressum
660 706 830 764 singulis
850 706 1055 748 mensibus
1075 705 1263 747 feruntur
1281 705 1324 746 in
1345 705 1639 747 antecedentia.

230 837 325 869 tumr,
347 833 456 863 debebit
469 837 567 863 motus
588 832 766 871 regressivus
786 832 819 861 in
838 831 1058 870 progressivum

231 878 258 904 et
269 875 471 914 progressibus
484 876 519 905 in
532 875 727 913 regressivum
741 874 864 903 mutari.

273 917 343 947 Art.
363 919 390 946 1.
435 916 468 947 Si
481 921 542 946 tres
555 916 663 956 anguli
678 915 739 945 sint
753 914 880 954 positivi,
903 914 1055 945 nodorum

231 962 334 988 motus
347 957 405 988 erit
418 957 611 999 regressivus.

275 999 317 1030 In
330 1001 389 1031 hoc
403 1009 484 1036 casu,
507 1010 595 1030 arcus
619 1001 649 1030 A
667 999 700 1030 N
721 1005 827 1030 contra
840 999 978 1030 ordinem
993 999 1054 1040 sig-

231 1051 342 1072 norum
353 1048 494 1082 sumptus
505 1052 568 1071 non
578 1041 698 1072 excedit
709 1041 958 1073 semi-circulum.
971 1041 1056 1072 ideo-

230 1092 292 1124 que
313 1090 465 1124 punctum
480 1085 514 1114 N
535 1084 593 1115 erit
616 1084 650 1114 in
672 1084 879 1114 semi-circulo
906 1085 935 1114 A
955 1085 988 1119 Q
1004 1086 1053 1122 B;

229 1131 376 1166 praetetea
385 1136 474 1157 arcus
487 1127 520 1162 Q
531 1127 557 1157 P
568 1126 738 1157 secundum
748 1126 888 1156 ordinem
898 1126 1056 1168 signorum

230 1174 380 1207 sumptus,
407 1172 467 1199 180
480 1179 526 1209 gr.
541 1179 603 1198 non
618 1168 745 1203 excedit,
770 1168 827 1198 erit
840 1168 942 1209 itaque
957 1179 1055 1208 punc-

229 1214 298 1239 tum
323 1210 352 1240 P
373 1210 408 1240 in
429 1210 636 1242 semi-circulo
653 1211 688 1246 Q
709 1211 738 1240 A
753 1220 792 1250 q;
815 1210 947 1251 denique
968 1221 1056 1242 arcus

231 1251 266 1281 N
282 1251 311 1282 P
325 1251 531 1283 semi-circulo
544 1253 642 1301 major
656 1262 720 1282 esse
734 1262 797 1282 non
813 1251 911 1289 debet,
932 1253 984 1284 sed
1000 1263 1055 1292 po-

228 1298 286 1323 test
308 1294 355 1324 vel
380 1294 548 1334 quadrante
561 1304 664 1325 mmor
688 1294 737 1324 vel
758 1294 927 1334 quadrante
947 1296 1054 1336 major,

229 1335 269 1366 sit
284 1335 317 1366 N
331 1336 360 1366 P
373 1336 542 1376 quadrante
555 1336 657 1367 minor
671 1342 707 1367 ut
720 1336 753 1366 in
768 1335 869 1377 figura
883 1343 994 1374 textus,
1020 1338 1055 1367 in

227 1376 291 1417 qua
304 1378 429 1418 reliquae
453 1379 546 1419 hujus
560 1389 648 1409 casus
669 1378 859 1409 conditiones
879 1386 1054 1418 occurrunt,

227 1428 266 1450 ex
274 1419 340 1459 ipsa
350 1421 478 1461 hujusce
487 1421 690 1460 proportionis
698 1420 922 1452 constructione

227 1461 326 1502 liquet
346 1462 429 1503 quod
454 1463 548 1494 ducta
574 1464 612 1494 M
636 1463 665 1493 L
688 1473 757 1503 quae
779 1463 923 1502 exprimit

228 1504 378 1535 actionem
390 1504 478 1541 Solis,
495 1503 644 1544 producta
657 1506 695 1536 M
711 1505 738 1536 P
751 1515 821 1545 quoe
832 1505 922 1536 lineae

228 1545 381 1577 nodorum
396 1549 528 1578 occurrit
552 1547 586 1577 in
610 1558 652 1583 m,
678 1546 829 1587 producta
851 1548 876 1578 L
894 1547 922 1578 P

227 1598 297 1629 quae
311 1589 442 1620 occurrit
455 1590 549 1629 plano
563 1589 710 1629 eclipticae
730 1590 763 1620 in
785 1590 807 1626 l,
830 1589 872 1620 ita
886 1597 923 1620 ut

227 1640 261 1660 m
274 1630 287 1660 l
300 1631 339 1662 sit
351 1631 495 1670 parallela
509 1632 599 1663 lineae
615 1633 652 1663 M
669 1633 708 1669 L,
731 1632 805 1663 cum
829 1632 859 1662 L
883 1632 923 1663 sit

228 1682 331 1703 versus
343 1673 446 1704 Solem
577 1685 600 1705 u
611 1675 718 1714 puncti
733 1675 772 1707 M
786 1680 818 1704 et
831 1675 922 1706 lineae

229 1714 269 1746 Μ
286 1715 314 1746 P
328 1726 372 1753 m,
389 1716 418 1746 L
433 1716 483 1746 Pl
503 1727 568 1747 sese
581 1716 753 1753 decussenn
769 1723 921 1756 punctum
995 1731 1020 1760 s

227 1756 239 1786 l
253 1757 310 1788 erit
323 1757 470 1789 remotius
483 1769 503 1789 a
519 1758 589 1790 Sole
603 1758 696 1800 quium
712 1765 862 1798 punctum
877 1769 920 1796 m,

227 1797 359 1840 ideoque
371 1800 506 1842 angulus
523 1803 550 1831 Δ
570 1801 599 1831 Τ
612 1801 622 1831 l
644 1803 743 1843 major
756 1801 814 1832 erit
827 1799 922 1842 quam

227 1842 363 1882 angulus
389 1844 420 1873 A
437 1843 467 1873 T
480 1853 523 1881 m,
550 1853 624 1884 ergo
647 1844 750 1874 nodus
762 1849 922 1883 promotus

228 1889 274 1914 est
295 1891 402 1916 cunm
425 1885 566 1916 ordinem
587 1886 758 1927 signorum,
781 1887 840 1917 hoc
863 1891 919 1923 est,

228 1925 294 1967 ejus
306 1931 409 1957 motus
423 1932 468 1958 est
480 1927 674 1968 regressivus.

272 1968 319 1999 Sit
333 1969 367 2000 N
385 1970 413 2001 P
425 1969 594 2010 quadrante
607 1971 715 2011 major,
740 1977 810 2002 tum
830 1969 920 2001 lineae

230 2010 260 2041 P
275 2011 325 2048 M,
353 2011 381 2042 P
397 2012 426 2043 L
442 2022 504 2042 non
518 2012 651 2052 amplius
666 2019 756 2044 erunt
769 2018 920 2052 retropro-

228 2052 378 2084 ducenda
390 2059 429 2084 ut
442 2064 514 2085 cum
529 2049 663 2086 linesT
680 2056 712 2086 N
727 2062 918 2092 concurrant,

226 2095 281 2126 sed
292 2101 465 2128 tamum
479 2096 638 2137 producte
650 2103 834 2129 concurrent
847 2107 920 2128 cum

228 2948 296 2992 ejus
308 2947 511 2988 productione
535 2949 565 2980 T
579 2958 611 2986 n,
634 2954 666 2979 et
684 2946 833 2990 quoniam
845 2957 910 2978 sese
923 2957 988 2978 non
1001 2946 1054 2978 do-

1100 830 1176 871 gulo
1194 831 1224 860 A
1243 830 1272 861 T
1286 840 1328 867 m,
1350 828 1483 871 ide6que
1497 829 1647 870 producta
1661 829 1745 873 linei
1765 830 1779 861 1
1795 831 1824 862 T
1836 830 1871 861 in
1887 830 1927 867 V,

1100 872 1235 913 angulus
1252 873 1282 903 A
1300 874 1330 903 T
1345 872 1377 903 V
1391 873 1651 912 complementum
1672 872 1712 903 ad
1733 872 1812 903 duos
1831 879 1930 904 rectos

1098 915 1206 955 anguli
1231 915 1261 945 A
1280 915 1309 946 T
1323 916 1344 952 l,
1368 916 1466 957 major
1481 915 1539 946 erit
1552 915 1670 956 angulo
1693 915 1723 947 A
1743 915 1772 946 T
1790 916 1824 948 N
1844 925 1929 948 omn-

1098 957 1255 997 plemento
1279 958 1318 988 ad
1343 958 1422 988 duos
1444 964 1542 989 rectos
1565 958 1672 998 anguli
1697 958 1728 988 A
1746 958 1775 988 T
1789 967 1832 995 m,
1854 967 1930 1000 ergo

1098 999 1199 1030 nodus
1216 1000 1248 1030 N
1263 1007 1421 1039 promotus
1435 1006 1480 1031 est
1493 1006 1598 1031 contra
1612 1000 1752 1030 ordInem
1767 999 1928 1039 signorum

1098 1049 1135 1074 ut
1147 1043 1251 1081 prius3
1275 1053 1349 1082 ergo
1363 1043 1550 1083 ubicumque
1564 1043 1603 1073 sit
1617 1048 1768 1082 punctum
1787 1042 1814 1072 P
1828 1042 1852 1073 si
1867 1049 1930 1074 tres

1098 1085 1207 1125 anguli
1226 1086 1296 1121 QT
1310 1085 1348 1122 Ρ,
1365 1085 1398 1115 N
1412 1085 1441 1117 T
1455 1085 1493 1122 P,
1512 1086 1533 1116 S
1548 1085 1576 1115 T
1590 1085 1622 1115 N
1637 1085 1699 1116 sint
1712 1084 1844 1124 positivi,
1860 1095 1928 1115 mo.

1098 1133 1149 1157 tus
1164 1127 1236 1157 nodi
1251 1134 1297 1158 est
1310 1127 1504 1168 regressivus.

1141 1171 1210 1199 Art.
1238 1174 1266 1200 2.
1314 1170 1458 1200 Mutetur
1479 1171 1591 1200 horum
1615 1169 1804 1210 angulorum
1829 1170 1928 1210 quivis

1098 1222 1137 1242 ex
1162 1211 1291 1250 positivo
1313 1212 1346 1242 in
1369 1212 1546 1251 negativum
1571 1212 1768 1242 manentibus
1792 1212 1928 1251 positivis

1097 1254 1220 1302 anguiis
1233 1254 1356 1285 duobus
1369 1254 1504 1295 reliquis,
1519 1261 1622 1285 motus
1643 1253 1796 1286 nodorum
1816 1264 1857 1285 ex
1877 1264 1926 1287 re-

1098 1297 1526 1379 ss‘ztzffgmffiissfflgffiss
1539 1340 1572 1375 ρ,
1587 1339 1616 1369 T
1634 1339 1662 1369 P
1675 1339 1845 1379 negativus,
1868 1340 1927 1371 ιη»

1098 1385 1153 1416 est,
1168 1386 1320 1420 punctum
1335 1381 1364 1412 P
1385 1381 1424 1412 sit
1437 1381 1471 1411 in
1485 1381 1691 1412 semi-circulo
1715 1382 1749 1419 Q
1763 1382 1791 1412 Β
1807 1392 1837 1423 q,
1859 1391 1926 1412 ma-

1286 2148 1378 2172 nente
1392 2141 1521 2181 positivo
1542 2141 1659 2181 angulo
1683 2143 1705 2172 S
1723 2143 1751 2173 T
1768 2143 1800 2173 N
1823 2143 1867 2174 ita
1888 2151 1924 2175 ut

1287 2185 1321 2214 N
1335 2185 1374 2214 sit
1389 2185 1420 2214 in
1436 2184 1641 2215 semi-circulo
1658 2185 1688 2214 A
1704 2186 1737 2221 Q
1747 2186 1785 2220 B,
1799 2191 1830 2215 et
1843 2187 1923 2224 pari-

1284 2232 1331 2257 ter
1344 2233 1487 2257 manente
1501 2227 1631 2266 positivo
1645 2227 1761 2267 angulo
1778 2227 1810 2257 N
1827 2228 1856 2258 T
1869 2228 1898 2258 P
1909 2240 1920 2268 ς

1284 2268 1507 2299 observandum
1529 2268 1613 2308 quod
1635 2268 1748 2300 lineola
1771 2269 1811 2299 M
1834 2269 1863 2300 L
1887 2270 1922 2301 in

1284 2311 1490 2341 semi-circulo
1507 2311 1541 2346 Q
1556 2311 1584 2341 B
1599 2320 1620 2351 q
1633 2311 1816 2349 positionem
1829 2312 1922 2345 habet

1284 2353 1454 2392 oppositam
1469 2353 1514 2383 illi
1528 2363 1622 2393 quam
1638 2353 1767 2385 habebat
1780 2353 1813 2384 in
1827 2354 1919 2387 semi.

1283 2395 1398 2425 circulo
1426 2396 1460 2431 Q
1474 2397 1505 2426 A
1520 2405 1539 2435 q
1565 2401 1601 2426 ut
1621 2401 1740 2427 constat
1761 2406 1799 2427 ex
1825 2396 1918 2436 Prop.

1284 2437 1416 2468 LXVI.
1445 2437 1515 2468 Lib.
1537 2438 1564 2468 1.
1593 2437 1637 2468 ita
1662 2444 1698 2468 ut
1723 2444 1872 2478 punctum
1889 2439 1919 2472 L

1282 2479 1322 2510 sit
1345 2490 1365 2510 a
1391 2479 1462 2511 Sole
1484 2480 1632 2510 remotius
1651 2479 1744 2521 quim
1765 2487 1917 2521 punctum

1285 2522 1343 2560 M;
1358 2522 1460 2564 itaque
1468 2522 1493 2553 si
1513 2523 1540 2553 P
1556 2523 1588 2553 N
1603 2521 1641 2552 sit
1651 2524 1752 2553 minor
1765 2523 1919 2565 quadrun-

1282 2570 1323 2601 ιο,
1335 2565 1426 2595 lineae
1440 2565 1470 2596 L
1481 2565 1510 2597 P
1520 2564 1804 2605 reu-oproducendae
1815 2572 1917 2605 erunt,

1282 2612 1314 2637 et
1326 2613 1478 2647 punctum
1498 2606 1510 2637 1
1531 2607 1588 2639 erit
1601 2607 1726 2647 propius
1742 2607 1805 2639 Soli
1822 2607 1918 2650 quim

1282 2656 1434 2691 punctum
1447 2660 1502 2688 m;
1517 2648 1649 2691 ideoque
1662 2649 1797 2692 angulus
1813 2650 1844 2682 A
1862 2651 1892 2683 T
1905 2650 1917 2683 Ι

1282 2692 1384 2723 minor
1397 2693 1455 2723 erit
1469 2692 1585 2733 angulo
1601 2693 1632 2723 A
1644 2692 1723 2730 Tm,
1739 2702 1814 2736 ergo
1829 2691 1917 2742 (cum

1283 2734 1473 2766 diminuatur
1487 2736 1621 2776 angulus
1643 2736 1672 2765 A
1690 2735 1721 2766 T
1736 2735 1769 2766 N
1789 2745 1843 2776 qul
1864 2745 1917 2768 m-

1283 2778 1378 2809 mitur
1392 2785 1496 2808 contra
1510 2777 1649 2808 ordinem
1663 2777 1838 2819 signorum)
1861 2787 1917 2811 m,

1282 2819 1342 2850 dus
1355 2819 1524 2851 secundum
1538 2819 1677 2850 ordinem
1698 2819 1856 2862 signorum
1871 2817 1925 2852 αἱ

1281 2869 1449 2903 promotus,
1462 2862 1587 2905 ejusque
1598 2868 1701 2893 motus
1710 2861 1918 2905 progressivae*

1142 2947 1176 2978 Si
1200 2946 1271 2978 veno
1298 2948 1330 2978 N
1348 2947 1376 2978 P
1401 2948 1440 2978 sit
1452 2947 1551 2987 major
1563 2946 1731 2988 quadrante
1744 2954 1918 2980 aneorum

229 2996 360 3028 fluunt,
382 2991 517 3023 manebit
529 2997 683 3031 punctum
702 2991 715 3022 l
735 2989 860 3030 propius
877 2989 940 3020 Soli
962 2989 1055 3030 quam
1097 2989 1254 3029 productis
1267 2989 1356 3020 lineis
1373 2989 1401 3021 P
1417 2990 1465 3026 M,
1485 2989 1513 3020 P
1528 2989 1557 3020 L
1579 2995 1730 3028 punctum
1750 2988 1762 3020 l
1782 2987 1918 3023 mnnehit

231 3041 383 3074 punctum
397 3045 451 3072 m;
475 3040 506 3065 et
519 3035 653 3075 angulus
678 3035 706 3065 A
726 3033 782 3064 '1¹1
801 3031 903 3063 minor
923 3032 980 3063 erit
1000 3042 1055 3063 au-

1098 3032 1245 3064 remotius
1271 3043 1291 3063 a
1317 3032 1388 3063 Sole
1415 3030 1507 3072 quim
1535 3037 1686 3071 punctum
1714 3041 1758 3071 m,
1771 3028 1918 3073 'ide6que
