2072 3522
155 261 323 304 -Luu-:R
334 260 573 314 Tam-ma]
616 260 939 329 i’RINCIPIA
969 259 1466 304 MATHEMATICA.
1806 267 1887 306 129

166 377 250 420 fine
270 377 427 428 cursim,
448 378 522 420 ubi
541 377 677 420 motfis
697 378 933 434 apparentis
959 391 1056 433 pars
1085 377 1169 427 illa,
1201 392 1295 433 quae
1315 391 1339 417 a
1358 376 1562 431 parallaxi
1580 375 1725 425 oritur,
1757 378 1887 432 majo-

156 462 253 490 ¹rem
266 448 405 490 habet
437 449 749 504 proportionem
777 448 831 490 ad
859 457 1015 490 motum
1037 456 1170 490 totum
1191 455 1474 502 apparentem,
1505 447 1725 489 deflectere
1745 448 1882 489 solent

162 522 216 563 ab
234 521 299 563 his
319 522 496 573 circulis,
521 530 562 563 et
581 522 743 578 quoties
756 521 892 563 Terra
910 529 1099 562 movetur
1119 521 1162 561 in
1183 535 1307 561 unam
1326 527 1501 575 partem,
1524 519 1638 559 abire
1659 519 1703 559 in
1723 521 1882 574 partem

161 593 424 635 contrariam.
487 593 636 636 Oritur
662 593 755 634 haec
783 593 963 634 deflexio
990 591 1171 644 maxime
1201 607 1254 633 ex
1281 591 1497 646 parallaxi‚
1527 599 1749 645 propterea
1762 595 1879 647 'quod

159 665 384 719 respondet
411 665 543 706 motui
574 665 743 713 Terrae3
774 672 818 705 et
836 663 1010 720 insignis
1040 665 1127 719 ejus
1148 663 1367 719 quantitas»,
1397 670 1492 702 meo
1513 670 1722 715 computo,
1755 662 1882 704 collo-

149 735 267 776 ¹cavit
295 735 551 790 disparentes
573 743 754 776 cometas
775 735 873 776 satis
892 734 1017 791 longe
1045 734 1152 776 infra
1172 734 1332 776 Jovem.
1395 732 1523 775 Unde
1543 746 1799 788 consequens
1820 743 1881 776 est

158 808 272 864 quod
303 809 347 849 in
377 808 568 865 perigaeis
603 816 644 849 et
672 807 896 863 periheliis,
932 808 1005 849 ubi
1033 806 1207 863 propius
1241 807 1404 858 adsunt,
1441 806 1699 849 descendunt
1728 808 1880 862 saepius

159 878 266 920 infra
286 880 408 922 orbes
430 880 583 922 Martis
604 888 645 921 et
664 879 906 921 inferiorum
925 879 1199 934 planetarum.

217 950 502 992 Confirmatur
523 951 644 993 etiam
665 950 954 1007 propinquitas
974 959 1230 993 cometarum
1253 953 1301 1008 (θ)
1324 968 1377 995 ex
1395 953 1490 994 luce
1510 953 1704 1008 capitum.
1767 952 1875 994 Nam

154 1025 338 1078 corporis
359 1025 534 1066 coelestis
555 1040 581 1065 a
602 1023 699 1066 Sole
718 1024 910 1065 illustrati
930 1032 973 1065 et
991 1025 1036 1065 in
1055 1025 1246 1081 regiones
1267 1025 1514 1082 longinquas
1530 1025 1733 1076 abeuntis,
1756 1025 1878 1066 dimi-

151 1095 295 1136 nuitur
325 1095 524 1150 splendor
551 1096 596 1136 in
625 1094 938 1151 quadruplicata
967 1095 1130 1136 ratione
1161 1095 1393 1137 distantiae:
1425 1096 1469 1136 in
1489 1096 1698 1151 duplicata
1718 1097 1878 1137 ratione

150 1166 341 1209 videlicet
359 1167 414 1209 ob
434 1175 597 1209 auctam
618 1167 804 1222 corporis
825 1167 1060 1209 distantiam
1080 1183 1105 1209 a
1123 1168 1233 1218 Sole,
1256 1176 1298 1210 et
1315 1168 1359 1209 in
1379 1168 1459 1210 alia
1480 1168 1688 1223 duplicata
1715 1160 1875 1211 ratione

149 1237 205 1279 ob
235 1237 481 1280 diminutam
509 1239 758 1280 diametrum
787 1247 1069 1294 apparentem.
1130 1239 1259 1284 Unde
1279 1240 1313 1280 si
1333 1240 1455 1281 detur
1474 1249 1517 1282 et
1542 1241 1644 1282 lucis
1664 1243 1871 1298 quantitas

147 1316 192 1351 et
211 1325 416 1366 apparens
436 1311 636 1353 diameter
657 1319 843 1361 cometae,
865 1311 1031 1352 dabitur
1051 1311 1257 1361 distantia,
1279 1311 1457 1353 dicendo
1473 1311 1586 1367 quod
1606 1312 1802 1355 distantia
1822 1314 1875 1355 sit

147 1381 202 1423 ad
222 1381 458 1423 distantiam
477 1381 670 1436 planetae,
694 1382 737 1422 in
757 1381 917 1423 ratione
937 1381 1127 1423 diametri
1147 1382 1201 1423 ad
1222 1382 1468 1424 diametrum
1484 1382 1640 1424 directe
1656 1392 1698 1425 et
1712 1385 1873 1426 ratione

147 1453 357 1508 duplicata
377 1454 481 1495 lucis
503 1454 556 1496 ad
576 1454 713 1496 lucem
732 1453 907 1495 inverse.
961 1454 1030 1496 Sic
1049 1454 1222 1495 minima
1242 1454 1427 1510 capillitii
1448 1463 1620 1496 cometae
1641 1457 1739 1496 anni
1763 1463 1872 1500 1682

144 1525 358 1576 diameter,
386 1541 462 1581 per
482 1526 629 1567 tubum
649 1525 834 1581 opticum
858 1526 1068 1567 sexdecim
1097 1526 1252 1581 pedum
1273 1541 1299 1567 a
1320 1526 1574 1573 Flamstedio
1594 1528 1812 1575 observata
1831 1538 1874 1572 et

142 1599 408 1642 micrometro
427 1608 676 1648 mensurata,
698 1600 892 1656 aequabat
911 1601 964 1641 2‘.
986 1601 1040 1642 0“
1053 1615 1065 1649 3
1085 1599 1256 1641 nucleus
1277 1608 1415 1642 autem
1436 1615 1509 1641 seu
1530 1601 1647 1642 stella
1667 1602 1710 1642 in
1730 1602 1871 1644 medio
1934 1612 1936 1615 “

143 1672 288 1727 capitis
308 1673 379 1714 vix
399 1672 601 1714 decimam
621 1681 781 1727 partem
812 1672 1040 1714 latitudinis
1061 1672 1184 1728 hujus
1205 1673 1447 1728 occupabat,
1480 1674 1659 1731 ideoque
1678 1675 1763 1717 lata
1782 1683 1872 1717 erat

143 1751 305 1785 tantum
337 1750 355 1786 1
367 1746 430 1786 1''.
451 1744 516 1785 vel
554 1746 647 1786 12²st
726 1744 843 1786 Luce
874 1743 974 1785 vero
1009 1752 1051 1786 et
1085 1745 1270 1787 claritate
1304 1747 1449 1801 capitis
1485 1748 1708 1802 superabat
1742 1756 1870 1803 caput

141 1822 315 1856 cometae
335 1814 433 1855 anni
457 1820 582 1865 1680,
615 1815 834 1871 stellasque
852 1815 1000 1871 primae
1019 1815 1082 1856 vel
1115 1815 1310 1857 secundae
1329 1817 1626 1874 magnitudinis
1647 1818 1871 1859 aemulaba-

137 1894 219 1929 tur.
280 1888 491 1929 Ponamus
523 1888 749 1929 Saturnum
781 1903 876 1929 cum
907 1888 1062 1929 annulo
1093 1903 1169 1930 suo
1200 1890 1318 1945 quasi
1351 1890 1586 1946 quadruplo
1619 1891 1861 1933 lucidiorem

136 1957 286 1999 fuisse:
317 1966 359 1998 et
387 1958 583 2013 quoniam
611 1958 686 1998 lux
715 1958 858 1998 annuli
886 1958 1190 2012 propemodum
1212 1959 1405 2014 aequabat
1433 1960 1568 2001 lucem
1589 1961 1703 2017 globi
1733 1961 1861 2002 inter-

136 2028 277 2080 medii,
309 2038 350 2070 et
377 2028 578 2071 diameter
605 2043 810 2084 apparens
837 2028 954 2086 globi
974 2028 1026 2070 sit
1045 2029 1162 2085 quasi
1185 2029 1280 2070 21⁶.
1302 2028 1480 2084 ideoque
1498 2030 1574 2072 lux
1593 2031 1709 2088 globi
1730 2040 1771 2074 et
1790 2048 1864 2074 an-

136 2139 276 2165 austrum
291 2132 458 2164 descendit.
496 2132 581 2170 Quia
589 2136 694 2164 tamen
709 2132 742 2164 in
757 2130 867 2164 eodem
883 2131 979 2174 plano

134 2186 258 2216 semper
270 2176 396 2213 incedit,
413 2178 519 2207 orbem
531 2177 722 2213 circularem,
737 2177 865 2207 Tellure
876 2177 975 2215 quies·

135 2226 234 2256 cente,
255 2218 411 2249 videretur
431 2219 611 2255 describere,
635 2219 688 2249 sed
704 2219 849 2258 quoniam
871 2218 979 2249 Tellus

135 2261 203 2300 ipsa
232 2267 374 2292 movetur
402 2261 436 2291 in
466 2261 560 2300 plano
585 2261 743 2300 eclipticae,
773 2267 895 2291 cometa
922 2271 978 2299 pro

135 2303 262 2334 diversis
290 2304 395 2335 Terrae
423 2304 499 2334 locis
528 2305 715 2340 observatus,
749 2302 844 2334 mod&
875 2303 979 2333 versus

133 2347 259 2377 boream
280 2345 373 2376 altius
394 2346 569 2383 ascendere,
592 2345 687 2377 modo
709 2345 816 2376 versus
838 2352 978 2376 austrum

133 2388 262 2420 inferius
276 2388 461 2419 descendere
482 2388 648 2427 apparebit.
702 2388 977 2419 observationibus

133 2438 327 2471 compertum
342 2437 388 2461 est
402 2437 537 2462 cometas
562 2430 788 2470 propemodum
804 2431 837 2460 in
853 2430 976 2460 circulis

133 2474 279 2504 maximis
292 2483 429 2514 pergere,
446 2473 586 2513 quandiu
601 2481 768 2513 moventur
781 2472 921 2508 celerius,
944 2478 976 2503 at

135 2516 169 2545 in
191 2516 253 2547 fine
274 2515 382 2547 cursus
403 2515 564 2546 deflectere
585 2515 686 2546 solent
706 2517 745 2546 ab
766 2516 813 2545 his
832 2514 976 2553 circulis3

135 2558 203 2588 haec
224 2565 329 2589 autem
351 2557 484 2589 deflexio
506 2558 620 2597 pendet
644 2568 683 2588 ex
708 2557 775 2597 ipsa
796 2557 978 2598 trajectoriae

137 2607 327 2632 cometarum
357 2599 522 2632 curvatura
550 2600 589 2631 de
621 2600 683 2640 qua
718 2600 808 2630 infra.
871 2599 977 2634 Quare

135 2643 280 2682 deinceps
300 2642 459 2673 trademus
480 2652 621 2673 normam
642 2642 782 2681 computi
803 2652 866 2683 quo
881 2643 976 2673 New-

134 2691 229 2715 tonus
249 2685 438 2724 disparentes
459 2692 595 2716 cometas
614 2684 688 2716 satis
709 2684 804 2725 longe
822 2683 906 2715 infra
919 2685 977 2716 Jo-

135 2737 206 2757 vem
227 2728 397 2764 collocavit,
421 2727 636 2768 nonnullaque
650 2727 815 2757 afferemus
835 2726 978 2766 exempla

134 2775 325 2800 cometarum
339 2770 394 2811 qui
414 2770 599 2801 iufra‘orbes
614 2770 728 2801 Martis
741 2775 773 2800 et
793 2770 974 2800 inferiorum

132 2811 328 2852 planetarum
342 2812 575 2843 descenderunt.

178 2897 230 2939 (ἒ)
251 2899 320 2928 135.
347 2898 365 2917 *
390 2898 442 2929 E:
465 2899 536 2930 luce
561 2900 708 2939 cumeum.
755 2896 979 2938 Intelligantur

138 2938 212 2969 duae
239 2938 418 2979 superficies
449 2940 605 2979 sphaertcae
633 2941 845 2976 concenfficae,
876 2940 979 2970 minor

137 2991 211 3019 una,
228 2983 328 3022 major
342 2982 448 3018 altera,
471 2987 504 3012 et
523 2982 557 3012 in
571 2989 677 3013 centro
691 2983 853 3022 utriusque
867 2982 978 3013 consti-

137 3029 245 3054 tutum
261 3024 399 3065 fingatur
413 3034 524 3063 corpus
542 3024 668 3065 aliquod
686 3025 840 3056 lucidum.
890 3025 979 3060 Quo-

135 3065 219 3096 nIam
236 3076 350 3105 corpus
365 3066 446 3097 illud
461 3066 563 3096 radios
573 3077 645 3097 suos
658 3077 713 3107 per
723 3077 848 3097 omnem
863 3067 977 3098 circui-

136 3114 205 3138 tum
233 3108 397 3146 diffundit,
429 3108 555 3139 evidens
582 3115 630 3140 est
661 3109 791 3140 eandem
821 3109 977 3139 radiorum

130 3150 334 3190 quantitatem
374 3151 408 3182 in
444 3149 580 3183 concava
623 3152 784 3191 superficie
819 3151 979 3193 utriusque

954 3207 1011 3238 14

1023 2131 1150 2174 sphaerae
1173 2131 1336 2170 contineri,
1363 2131 1496 2174 idedque
1517 2132 1683 2163 densitates
1705 2132 1861 2162 mdiorum

1020 2183 1112 2206 erunt
1126 2176 1157 2206 in
1173 2178 1291 2206 ratione
1313 2177 1546 2214 superficierum
1568 2177 1789 2214 sphoericarum
1812 2175 1860 2204 in-

1021 2217 1117 2254 verse,
1140 2219 1199 2248 hoc
1214 2224 1269 2254 est,
1291 2217 1324 2247 in
1339 2219 1457 2247 ratione
1471 2217 1629 2256 duplicata
1648 2217 1859 2247 semi-diame-

1020 2267 1139 2291 trorum
1163 2261 1226 2290 sive
1251 2260 1465 2290 distantiarum
1491 2269 1511 2289 a
1532 2269 1659 2298 corpore
1682 2259 1787 2289 lucido
1810 2260 1860 2289 in-

1021 2302 1106 2333 verse
1131 2305 1197 2344 (14.
1219 2302 1290 2333 Lib.
1311 2301 1370 2341 1.).
1420 2302 1527 2337 Quare
1541 2301 1628 2331 nulla
1644 2301 1859 2332 distantiarum

1020 2343 1126 2375 habita
1140 2345 1266 2381 ratione,
1283 2344 1416 2374 sensatio
1430 2354 1501 2384 quae
1515 2354 1533 2374 a
1547 2344 1641 2374 radiis
1655 2354 1765 2374 nervos
1779 2346 1858 2383 opti·

1021 2398 1073 2417 cos
1098 2387 1340 2427 percutientibus
1362 2386 1521 2423 excitatur,
1548 2392 1594 2417 oet
1616 2392 1652 2417 ut
1672 2387 1858 2427 quadratum

1018 2429 1172 2460 distantiae
1184 2429 1312 2459 inverse.
1344 2428 1405 2459 sed
1416 2428 1479 2469 quo
1489 2429 1637 2460 remotius
1646 2436 1692 2459 est
1707 2429 1857 2466 lucidum,

1019 2482 1057 2502 eo
1078 2472 1238 2512 pauciores
1251 2471 1328 2502 radii
1343 2471 1382 2501 ad
1397 2471 1524 2502 oculum
1546 2472 1741 2510 perveniunt,
1763 2472 1858 2512 idque

1020 2514 1052 2544 in
1080 2514 1237 2553 duplicata
1262 2514 1380 2544 ratione
1405 2514 1621 2544 distantiarum
1653 2514 1736 2555 (loco
1764 2512 1858 2553 supra.

1020 2557 1090 2597 cit.)
1106 2558 1166 2588 hoc
1179 2563 1234 2593 est,
1257 2557 1290 2586 in
1305 2556 1463 2596 duplicata
1476 2557 1595 2587 ratione
1609 2556 1748 2586 diametri
1762 2566 1858 2595 appa-

1020 2600 1114 2630 rentis
1128 2599 1299 2630 diminutae.
1349 2598 1464 2635 Quare,
1481 2599 1706 2638 componendo,
1723 2599 1859 2637 corporis

1020 2642 1151 2673 coelestis
1172 2653 1190 2672 a
1215 2642 1287 2672 Sole
1301 2641 1443 2671 illustrati
1464 2647 1496 2671 et
1514 2641 1546 2671 in
1568 2643 1710 2681 regiones
1733 2641 1857 2680 longin-

1020 2695 1098 2726 quas
1124 2686 1266 2716 abeuntis
1294 2684 1479 2714 diminuitur
1506 2684 1650 2722 splendor
1679 2685 1710 2713 in
1739 2685 1858 2714 ratione

1043 2727 1253 2766 uadruplicatii
1268 2726 1430 2757 distantiae.
1473 2726 1544 2756 Erit
1558 2726 1661 2765 itaque
1670 2725 1857 2766 quadratum

1020 2737 1172 2800 iiistantiae
1186 2776 1315 2800 cometae
1329 2779 1347 2799 a
1365 2767 1435 2799 Sole
1449 2768 1489 2798 ad
1503 2768 1688 2809 quadratum
1703 2768 1857 2798 distantiae

1018 2811 1150 2852 planetae
1163 2813 1202 2843 ab
1217 2811 1325 2843 eodem
1339 2811 1372 2840 in
1387 2811 1504 2841 ratione
1519 2809 1690 2850 composita
1703 2821 1740 2841 ex
1753 2811 1857 2850 dupli-

1021 2853 1092 2885 cati
1112 2855 1229 2885 ratione
1243 2854 1383 2884 diametri
1406 2853 1579 2892 apparentis
1593 2860 1722 2883 cometae
1735 2853 1775 2884 ad
1790 2853 1856 2883 dia-

1021 2903 1157 2927 metrum
1185 2898 1382 2937 apparentem
1411 2895 1544 2935 planetae
1572 2902 1604 2926 et
1632 2896 1750 2926 ratione
1778 2895 1857 2927 lucis

1021 2939 1154 2978 planetae
1181 2940 1220 2969 ad
1256 2939 1358 2969 lucem
1387 2945 1526 2968 cometae.
1589 2937 1684 2969 Unde
1712 2937 1857 2969 distantia

1022 2988 1150 3012 cometae
1164 2992 1183 3012 a
1199 2982 1271 3012 Sole
1285 2987 1330 3012 est
1344 2980 1383 3011 ad
1397 2980 1574 3011 distantiam
1595 2981 1728 3019 planete
1749 2982 1789 3012 ab
1803 2991 1854 3011 eo-

1022 3024 1092 3054 dem
1119 3025 1152 3054 in
1178 3026 1295 3054 ratione
1320 3022 1489 3062 composita
1514 3032 1552 3053 ex
1577 3023 1696 3054 ratione
1714 3021 1857 3054 diametri

1022 3067 1194 3106 apparentis
1219 3073 1347 3098 cometae
1375 3065 1415 3095 ad
1443 3065 1628 3096 diametrum
1657 3073 1855 3106 apparentem

1021 3109 1153 3147 planetae
1167 3117 1198 3140 et
1212 3109 1329 3139 ratione
1347 3106 1564 3148 subduplicatae'i.
1577 3108 1656 3140 lucis
1669 3109 1801 3149 planetae
1816 3108 1856 3139 nd

1021 3151 1123 3182 lucem
1138 3158 1276 3183 cometa-0
1460 3167 1462 3169 >
