2072 3522
243 251 326 289 202
432 218 434 220 -
651 245 1104 290 PHILOSOPHIAE
1134 238 1505 289 NATURALIS·
1537 246 1632 300 [DE
1647 244 1810 288 Mum).
1829 247 1973 294 διιεῖ..

242 376 371 417 usque
391 362 535 403 orbem
553 361 735 412 Saturni,
768 360 816 417 (¹²)
839 369 886 403 ut
906 376 959 403 ex
981 361 1117 417 quiete
1139 360 1397 415 apheliorum
1415 361 1674 416 planetarum
1692 361 1956 404 manifestum

240 442 314 484 est,
336 442 378 475 et
397 434 451 475 ad
470 447 603 489 usque
622 433 767 474 ultima
783 440 1036 481 cometarum
1055 430 1231 486 aphelia,
1253 431 1288 472 si
1306 430 1433 472 modo
1453 431 1617 487 aphelia
1634 431 1706 474 illa
1725 432 1952 488 quiescant.

244 505 467 547 Rationem
495 502 595 545 vero
623 503 773 546 harum
801 503 1014 559 gravitatis
1043 502 1346 557 proprietatum
1366 517 1419 544 ex
1447 502 1735 558 phaenomenis
1763 504 1954 546 nondum

237 578 356 634 potui
376 577 594 628 deducere,
617 585 659 618 et
677 575 928 634 hypotheses
947 589 1035 617 non
1053 575 1183 634 fingo.
1229 575 1443 632 Quicquid
1463 575 1575 617 enim
1593 590 1651 621 ex,
1666 575 1954 631 phoenomenis

238 665 325 693 non
354 649 586 701 deducitur,
617 650 841 705 hypothesis
870 648 1056 690 vocanda
1085 657 1147 690 est
1159 664 1171 698 3
1202 656 1244 691 et
1272 648 1523 705 hypotheses
1542 664 1616 692 seu
1641 649 1948 706 metaphysicae,

239 737 313 765 seu
342 721 540 778 physicae,
573 736 646 763 seu
675 720 919 777 qualitatum
948 720 1215 771 occultarum,
1238 735 1312 762 seu
1330 720 1595 771 mechanicae,
1617 721 1662 762 in
1682 721 1953 775 philosophia*

239 794 544 848 experimentali
570 792 710 833 locum
737 806 823 833 non
851 792 1017 833 habent.
1078 792 1130 833 In
1158 791 1238 833 hac
1263 791 1526 847 philosophia
1550 791 1859 846 Propositiones
1878 791 1953 834 de-

221 867 447 909 'ducuntur
467 881 521 907 ex
549 865 849 920 phaenomenis,
878 873 921 905 et
946 863 1178 906 redduntur
1198 863 1411 920 generales
1431 878 1507 919 per.
1525 863 1822 906 inductionem.
1841 896 1843 899 ψ
1882 865 1952 907 Sic

236 938 615 995 impenetrabilitas,
637 937 857 988 mobilitas,
881 945 922 979 et
941 936 1118 992 impetus
1139 950 1362 991 corporum
1381 945 1423 979 et
1449 937 1563 994 leges
1582 944 1773 978 motuum
1791 945 1834 979 et
1855 952 1951 994 gra-

237 1012 372 1054 vitatis
401 1012 683 1052 innotuerunt.
746 1009 804 1052 Et
833 1010 931 1051 satis
960 1017 1022 1051 est
1051 1009 1164 1066 quod
1193 1009 1371 1066 gravitas
1409 1010 1554 1052 revera
1586 996 1747 1062 existat,
1781 1018 1824 1052 et
1855 1019 1952 1068 agat

237 1082 467 1125 secundum
500 1074 613 1139 leges
639 1096 664 1123 a
692 1081 813 1123 nobis
848 1081 1069 1137 expositaS,
1100 1089 1141 1123 et
1170 1080 1224 1122 ad
1253 1095 1474 1136 corporum
1504 1082 1731 1124 coelestium
1758 1090 1800 1125 et
1825 1083 1950 1126 maris

235 1154 366 1196 nostri
384 1161 522 1196 motus
543 1169 686 1214 omnes
709 1153 898 1196 sufficiat.

294 1225 490 1282 Adjicere
512 1226 602 1281 jam
631 1225 776 1267 liceret
803 1224 1004 1266 nonnulla
1035 1223 1087 1266 de
1117 1223 1265 1279 spiritu
1284 1224 1466 1281 quodam
1486 1225 1753 1268 subtilissimo
1774 1241 1951 1281 corpora

238 1313 375 1341 crassa
393 1299 658 1354 pervadente,
690 1307 732 1340 et
760 1299 804 1340 in
833 1298 984 1340 iisdem
1003 1298 1186 1347 latente3
1219 1298 1338 1353 'cujus
1357 1297 1399 1339 vi
1428 1306 1469 1340 et
1488 1298 1718 1340 actionibus
1735 1299 1951 1354 particuloe

236 1374 461 1428 corporum
479 1371 535 1413 ad
545 1371 736 1413 minimas
757 1371 971 1413 distantias
992 1385 1036 1412 se
1055 1368 1203 1412 mutuo
1222 1370 1448 1421 attrahunt,
1465 1378 1507 1412 et
1521 1370 1728 1428 contiguae
1741 1370 1859 1412 factoe
1881 1385 1951 1412 co-

236 1442 420 1487 haerent:
453 1451 496 1485 et
525 1458 701 1499 corpora
729 1443 920 1485 electrica
939 1449 1070 1499 agunt
1088 1441 1143 1483 ad
1163 1441 1376 1483 distantias
1395 1443 1585 1498 majores,
1607 1450 1693 1484 tam
1712 1442 1951 1498 repellendo

232 1514 363 1571 quam
384 1516 633 1559 attrahendo
653 1516 897 1572 corpuscula
917 1516 1077 1565 vicina3
1108 1524 1149 1556 et
1167 1514 1242 1556 lux
1262 1514 1472 1566 emittitur,
1495 1515 1730 1566 reflectitur,
1760 1515 1952 1574 refringi-

236 1596 317 1639 tur,
340 1588 575 1642 inflectitur,
599 1600 640 1633 et
661 1605 838 1646 corpora
857 1588 1065 1639 calefacit3
1096 1596 1138 1630 et
1158 1588 1339 1630 sensatio
1359 1589 1492 1630 omnis
1513 1589 1729 1639 excitatur,
1760 1596 1803 1631 et
1821 1602 1969 1630 mem-¹

234 1661 314 1703 bra
326 1662 568 1704 animalium
582 1663 635 1704 ad
647 1663 902 1705 voluntatem
915 1669 1148 1712 moventur,
1165 1660 1463 1703 vibrationibus
1479 1661 1633 1703 scilicet
1646 1661 1768 1717 hujus
1783 1652 1951 1717 spiritus

234 1747 312 1788 per
343 1733 476 1774 solida
504 1749 728 1776 nervorum
758 1734 1046 1789 capillamenta
1067 1734 1120 1774 ab
1141 1734 1324 1775 externis
1351 1747 1545 1775 sensuum
1575 1735 1742 1791 organis
1762 1734 1817 1776 ad
1836 1749 1951 1777 cere-

234 1799 365 1849 brum
394 1817 436 1850 et
466 1825 491 1851 a
521 1809 692 1851 cerebro
721 1810 764 1850 in
793 1808 1001 1850 musculos
1029 1808 1284 1864 propagatis.
1345 1806 1388 1862 (ἰ)
1408 1807 1504 1849 -Sed
1523 1806 1615 1847 haec
1633 1807 1776 1862 paucis
1797 1808 1950 1863 exponi

234 1894 320 1921 non
338 1888 538 1936 possunt3
567 1895 704 1936 neque
734 1880 857 1921 adest-
881 1870 1086 1921 sufficiens
1105 1879 1226 1934 copia
1243 1878 1634 1934 experimentorum,
1666 1878 1813 1934 quibus
1832 1879 1946 1937 leges

234 1952 444 1994 actionum
462 1952 585 2008 hujus
607 1952 779 2008 spiritus
799 1950 990 1994 accurate
1009 1951 1276 1994 determinari
1295 1959 1338 1994 et
1352 1947 1578 1994 'monstrari
1596 1950 1759 1994 debent.
1949 1952 1953 1955 ’

279 2134 328 2176 (¹²)
357 2137 374 2155 ⁹
408 2137 451 2168 Ut
475 2147 510 2168 ea:
528 2138 625 2178 quiete
650 2138 847 2178 apheliorum.
895 2137 990 2178 Prop.
1019 2137 1070 2170 11.
1116 2139 1176 2170 hoc
1190 2139 1387 2170 subtilissimo
1401 2138 1510 2179 spiritu
1531 2139 1678 2179 plurimas
1692 2137 1876 2180 quoestiouoe
1890 2135 1946 2170 sibi

237 2178 308 2209 Lib.
328 2178 411 2219 huj.)
1115 2183 1259 2222 proponit
1274 2183 1445 2214 Newtonus
1459 2182 1492 2213 in
1509 2183 1655 2214 Tractatu
1670 2183 1798 2222 opticae.

277 2220 319 2264 (¹)
339 2224 352 2240 ”
372 2222 430 2253 Sed
444 2224 508 2254 hoec
517 2223 630 2264 paucis
642 2223 749 2265 exponi
762 2233 825 2256 non
836 2229 973 2264 possunt·
1019 2224 1071 2256 De
