2072 3522
182 248 329 291 Lmnn
350 249 588 300 Tmmusq
648 246 971 291 PRINCIPIA
1002 244 1499 289 MATHEMATI-CA.
1841 256 1894 293 39

181 370 402 414 correctus,
434 362 480 404 in
512 362 611 403 dato
641 375 888 417 quocunque
908 359 1116 401 nodorum
1146 359 1241 409 situ,
1277 356 1332 399 ad
1369 359 1460 400 16''.
1483 358 1584 400 16'''.
1607 357 1703 403 37³⁷.
1725 365 1812 402 42'.
1846 370 1896 403 ut

182 437 224 478 A
245 436 279 478 Z
311 450 380 492 qu.
415 435 469 476 ad
504 435 545 476 A
565 434 608 476 T
638 449 707 491 qu.
719 449 732 483 3
762 433 808 474 id
827 441 903 486 est,
936 441 984 475 ut
1002 432 1251 490 quadratum
1271 430 1386 474 sinfis
1406 432 1612 476 distantiae
1632 432 1843 475 nodorum
1871 450 1898 476 a

180 508 358 565 syzygiis
377 507 431 549 ad
451 507 704 564 quadratum
723 506 842 548 radii.

439 695 818 754 PROPOSITIO
848 695 1053 738 XXXII.
1115 694 1463 738 PROBLEMA
1494 694 1628 738 XIII.

579 841 766 883 Invenire
784 847 926 882 motum
945 841 1113 881 medium
1131 841 1323 881 nodorum
1344 840 1489 881 Lunae.
1507 842 1514 851 ¹

238 980 383 1022 Motus
402 980 563 1023 medius
583 994 744 1022 annuus
765 986 826 1020 est
846 992 1006 1020 summa
1026 985 1215 1019 motuum
1235 977 1422 1019 omnium
1442 976 1703 1019 horariorum
1734 976 1894 1020 medio·-

179 1053 310 1094 crium
330 1054 374 1094 in
393 1068 515 1095 anno.
577 1052 762 1108 Concipe
781 1051 939 1093 nodum
958 1051 1115 1093 versari
1135 1051 1180 1092 in
1201 1051 1258 1102 N,
1291 1059 1333 1093 et
1353 1051 1525 1108 singulis
1543 1052 1658 1094 horis
1680 1052 1894 1109 completis

178 1125 332 1166 retrahi
352 1125 395 1165 in
414 1125 553 1166 locum
574 1139 694 1166 suum
713 1125 908 1180 priorem,
931 1132 978 1165 ut
997 1137 1083 1164 non
1106 1122 1298 1164 obstante
1314 1131 1430 1164 motu
1451 1138 1527 1166 suo
1545 1124 1730 1179 proprio,
1751 1123 1895 1166 datum

178 1210 342 1250 semper
361 1203 496 1237 servet
529 1195 651 1237 situm
672 1195 726 1236 ad
746 1195 882 1237 stellas
904 1194 1025 1236 fixas.
1089 1193 1255 1235 Interea
1273 1192 1373 1235 vero
1396 1193 1537 1236 Solem
1566 1195 1610 1245 S,
1639 1209 1717 1250 per
1736 1203 1896 1236 motum

180 1266 340 1317 Terrae,
362 1266 561 1323 progredi
581 1282 605 1308 a
624 1266 750 1317 nodo,
782 1275 824 1308 et
844 1280 1012 1307 cursum

178 1353 364 1379 annuum
422 1346 694 1394 apparentem
753 1338 1012 1379 uniformiter

178 1408 399 1464 complere.
462 1409 526 1451 Sit
574 1417 711 1450 autem
750 1410 790 1450 A
802 1423 828 1450 a
893 1423 1013 1450 arcus

178 1481 299 1522 datus
334 1480 459 1537 quem
492 1481 701 1531 minimus,
743 1495 867 1536 quem
901 1488 1013 1522 recta

119 1584 136 1592 κ
180 1554 222 1595 Τ
244 1554 275 1597 S
296 1554 350 1595 ad
373 1554 513 1596 Solem
534 1569 698 1610 semper
716 1551 853 1605 ducta,
884 1554 1012 1595 inter-

180 1624 361 1666 sectione
382 1625 446 1666 sui
475 1633 518 1666 et
542 1625 686 1666 circuli
717 1625 760 1667 N
780 1625 820 1666 A
841 1640 883 1676 n,
915 1625 1013 1666 dato

177 1705 366 1752 tempore
386 1697 510 1754 quem
530 1697 703 1738 minimo
722 1698 940 1739 describit:
972 1705 1014 1739 et

178 1776 316 1810 motus
339 1767 530 1810 horarius
557 1769 778 1810 mediocris
810 1772 903 1825 (per
924 1770 1014 1825 jam

178 1839 360 1892 ostensa)
382 1839 460 1881 erit
478 1847 525 1881 ut
545 1840 587 1881 A
608 1840 643 1882 Z
663 1856 703 1896 q,
729 1840 774 1882 id
793 1848 854 1882 est
875 1840 946 1895 (ob
968 1840 1011 1896 (¹)

178 1911 507 1966 proportionales
529 1912 570 1953 A
587 1912 634 1963 Z,
657 1912 692 1953 Z
707 1912 765 1966 Y)
786 1920 834 1953 ut
853 1920 1013 1954 rectan-

179 1982 324 2039 gulum
345 1983 423 2024 tub
452 1983 494 2024 A
514 1982 549 2023 Z
577 1991 620 2024 et
650 1983 684 2025 Z
705 1982 761 2033 Y,
791 1982 873 2024 hoc
894 1991 969 2034 est,
990 1991 1038 2025 ut
1057 1997 1154 2025 area
1175 1981 1215 2023 A
1238 1981 1272 2023 Z
1291 1980 1334 2022 Y
1354 1995 1391 2022 a.
1452 1980 1510 2021 Et
1529 1994 1691 2021 summa
1710 1978 1896 2020 omnium

180 2053 442 2097 horariorum
460 2063 650 2098 motuum
668 2056 941 2098 mediocrium
975 2057 1028 2098 ab
1062 2055 1192 2106 initio,
1229 2062 1275 2095 ut
1309 2068 1470 2095 summa
1490 2053 1676 2094 omnium
1706 2067 1896 2094 arearum

182 2140 208 2165 a
226 2125 270 2166 Y
290 2125 324 2166 Z
345 2127 399 2176 A,
435 2125 480 2166 id
511 2134 585 2177 est,
618 2134 666 2167 ut
699 2141 795 2167 area
827 2127 877 2167 N
901 2128 942 2168 A
973 2126 1020 2168 Z.
1082 2127 1144 2182 (¹¹¹)
1178 2125 1256 2167 Est
1290 2132 1428 2166 autem
1456 2123 1640 2164 maxima
1675 2123 1716 2164 A
1748 2123 1782 2163 Z
1811 2122 1853 2163 Y
1872 2138 1897 2163 a

181 2198 352 2255 aequalis
372 2199 615 2256 rectangulo
647 2198 725 2240 sub
756 2213 855 2240 arcu
890 2199 932 2240 A
965 2214 991 2240 a
1022 2206 1064 2240 et
1093 2197 1212 2239 radio
1233 2196 1402 2245 circuli3
1434 2203 1475 2236 et
1494 2202 1715 2249 propterea
1735 2209 1897 2236 summa

183 2273 368 2314 omnium
388 2272 724 2330 rectangulorum
753 2272 797 2313 in
828 2271 983 2313 circulo
1003 2279 1092 2312 toto
1112 2269 1167 2311 ad
1187 2282 1387 2310 summam
1409 2267 1583 2308 totidem
1601 2267 1894 2318 maximorum,
1955 2265 1958 2267 ’

183 2351 231 2384 ut
250 2358 347 2385 area
366 2344 508 2385 circuli
528 2343 654 2385 totius
674 2343 728 2384 ad
748 2342 1036 2400 rectangulum
1066 2341 1143 2382 sub
1173 2337 1501 2382 circumferentia
1522 2337 1608 2380 tota
1629 2347 1671 2380 et
1690 2339 1820 2390 radio,
1853 2340 1896 2381 id

185 2423 259 2465 est,
290 2422 338 2455 ut
360 2420 378 2455 1
404 2415 457 2456 ad
478 2420 518 2456 2.
579 2414 725 2456 Motus
745 2423 885 2455 autem
904 2413 1109 2463 horarius,
1146 2410 1388 2467 rectangulo
1406 2410 1590 2451 maximo
1624 2410 1895 2465 respondens,

187 2487 240 2543 (¹²)
261 2494 349 2528 erat
371 2487 464 2529 16''.
489 2487 588 2528 16'''.
611 2484 706 2530 371'.
726 2491 813 2527 42&
856 2485 913 2527 Et
930 2484 999 2526 hic
1019 2491 1169 2534 motus,
1192 2497 1304 2524 anno
1325 2490 1413 2523 toto
1434 2481 1595 2523 sidereo
1615 2481 1777 2523 dierum
1799 2489 1894 2524 365.

185 2558 278 2600 hor.
299 2565 340 2601 6.
360 2558 458 2600 min.
482 2564 522 2601 9.
544 2557 593 2599 fit
614 2562 713 2600 393'.
736 2558 815 2600 38'.
839 2558 902 2602 7”.
924 2557 1028 2600 50”’.
1089 2554 1278 2612 Ideoque
1296 2554 1422 2611 hujus
1443 2554 1662 2596 dimidium
1693 2560 1792 2597 19¹³.
1815 2555 1895 2597 49'.

189 2632 253 2673 δ”.
277 2631 380 2674 55‘''.
411 2639 473 2673 est
491 2639 629 2672 motus
649 2630 809 2672 medius
828 2630 1050 2681 nodorum,
1072 2629 1227 2672 circulo
1246 2629 1323 2671 toti
1344 2628 1612 2684 respondens·
1674 2628 1731 2670 Et
1759 2636 1896 2669 motus

233 2759 272 2801 (¹)
299 2761 318 2779 ·
349 2760 391 2791 Ob
402 2760 637 2800 proportionales
650 2759 682 2789 A
699 2760 735 2793 Z,
765 2760 793 2788 Z
808 2758 844 2792 Y,
870 2762 917 2787 est
940 2756 1024 2787 enim
1066 2755 1170 2787 evadit
1184 2756 1214 2787 Τ
1231 2755 1273 2793 A,
1295 2762 1328 2786 et
1343 2756 1369 2786 Z
1386 2755 1416 2786 Y
1430 2754 1531 2786 evadit
1545 2755 1672 2796 aequalis
1695 2756 1726 2785 A
1742 2765 1770 2792 a,
1793 2755 1899 2796 sicque

191 2802 222 2832 T
239 2803 294 2833 A:
317 2802 346 2832 A
361 2812 380 2832 a
395 2814 403 2832 ι
420 2814 428 2832 =
447 2801 537 2832 AZ:
555 2801 635 2838 ZY,
650 2799 1026 2839 idefaqueobconstantes
1070 2801 1100 2829 A
1120 2799 1145 2829 Z
1162 2800 1248 2830 Y=
1266 2799 1297 2829 A
1315 2799 1345 2830 T
1362 2802 1395 2836 ><
1418 2799 1447 2828 A
1464 2809 1490 2833 a,
1507 2798 1539 2827 in
1554 2799 1818 2829 omnibusautem
1832 2798 1901 2829 aliis

141 2851 145 2853 ’
192 2846 222 2876 Τ
235 2845 266 2875 A
282 2849 313 2874 et
329 2844 361 2874 A
376 2854 405 2881 a,
420 2843 606 2884 quantitates
623 2843 654 2873 A
668 2843 704 2879 Z,
722 2843 748 2872 Z
766 2843 796 2873 Y
809 2842 925 2882 ubique
939 2852 1023 2872 eam-
1065 2842 1189 2881 punctis
1205 2842 1235 2872 T
1248 2842 1278 2872 A
1294 2847 1340 2872 aet
1354 2841 1452 2881 major
1465 2840 1559 2881 qudm
1577 2841 1607 2870 A
1620 2841 1663 2877 Z;
1680 2847 1710 2871 et
1726 2842 1757 2871 A
1769 2851 1789 2871 a
1801 2842 1901 2882 major

191 2889 265 2919 dem
278 2887 394 2916 habent
407 2887 487 2916 inter
500 2896 532 2916 se
546 2886 717 2922 rationem;
740 2885 872 2915 ducatur
894 2890 1024 2924 utraque
1065 2883 1161 2924 quem
1177 2884 1203 2914 Z
1221 2884 1259 2920 Y,
1274 2885 1410 2914 maxima
1424 2884 1527 2924 itaque
1544 2884 1574 2913 A
1592 2884 1617 2913 Z
1635 2883 1662 2914 Y
1679 2894 1699 2914 a
1718 2889 1764 2915 est
1776 2887 1900 2925 aqualis

190 2931 223 2961 in
243 2930 272 2960 A
290 2930 315 2959 Z
330 2929 410 2959 sacta
426 2929 457 2959 A
469 2929 494 2958 Z
508 2932 542 2965 Χ
559 2929 588 2959 A
603 2929 639 2965 Z,
655 2934 686 2958 et
702 2928 767 2957 ZY
782 2931 816 2965 ><
834 2927 865 2957 A
879 2927 905 2956 Z
920 2927 1023 2957 datam
1065 2929 1242 2967 rectangulo
1256 2928 1312 2958 sub
1327 2939 1405 2958 arcu
1421 2928 1451 2956 A
1464 2938 1484 2956 a
1499 2932 1527 2957 et
1542 2928 1627 2956 radio
1643 2928 1760 2958 circuli.

190 2973 342 3003 rationem
357 2971 472 3011 ubique
486 2971 652 3007 habebunt,
667 2970 726 3000 erit
740 2970 844 3010 itaque
857 2971 889 3000 A
906 2972 935 3001 Z
948 2982 966 3010 q
987 2975 1025 3000 ut
1111 2969 1158 3010 (¹¹)
1175 2973 1191 2989 ⁶
1210 2972 1293 3001 Erat
1310 2969 1375 3001 16¹¹.
1396 2968 1468 3000 16'‘'.
1488 2968 1563 3000 872'.
1583 2967 1649 2999 42V.
1663 2981 1674 3007 3
1695 2970 1723 2999 is
1737 2969 1820 3000 enim
1836 2975 1901 2999 erat

192 3016 411 3054 rectnngulum
424 3015 479 3044 sub
493 3013 525 3043 A
543 3015 571 3044 Ζ
585 3019 613 3044 et
629 3016 657 3044 Z
676 3015 712 3043 Y.
1066 3019 1171 3042 motus
1198 3012 1338 3042 horarius
1366 3011 1529 3042 mediocris
1554 3011 1628 3042 cum
1652 3012 1728 3042 nodi
1751 3018 1839 3043 erant
1866 3013 1900 3041 iu

239 3057 294 3100 (¹¹¹)
311 3060 329 3077 *
346 3058 406 3088 Est
414 3062 519 3087 autem
530 3057 661 3086 nnaaima
677 3056 709 3085 A
720 3057 748 3086 Z
764 3056 794 3085 Y
800 3066 830 3091 a,
847 3054 903 3088 &c.
945 3053 1030 3084 Nam
1071 3053 1275 3094 quadraturis,
1298 3064 1352 3094 per
1377 3054 1469 3094 Prop.
1488 3054 1618 3093 praeced.
1635 3053 1769 3096 ide6que
1789 3054 1823 3084 in
1844 3053 1899 3085 hfxc

197 3101 322 3142 quando
346 3099 376 3130 T
394 3099 425 3130 A
450 3104 497 3129 est
509 3096 770 3138 perpendicularis
793 3097 828 3127 in
851 3097 885 3127 N
898 3106 929 3135 n,
955 3100 986 3128 A
1004 3096 1030 3126 Z
1075 3096 1170 3137 Prop.
1187 3096 1261 3129 c‘um
1278 3098 1300 3128 S
1318 3099 1349 3128 A
1366 3097 1396 3128 T
1409 3102 1456 3128 est
1469 3096 1729 3137 perpendicularis
1742 3099 1775 3128 in
1792 3097 1825 3128 N
1840 3107 1870 3128 n-
