2072 3522
207 280 295 316 128

629 271 1078 316 PHILOSOPHIAE
1107 263 1466 315 NATURALIS
1506 273 1604 326 [DE
1622 273 1784 316 Mum).
1799 275 1922 317 Srsr.

275 389 394 431 Idem
424 388 634 445 colligitur
658 403 712 430 ex
740 386 958 429 curvatura
988 388 1066 428 viae
1095 392 1359 428 cometarum.
1418 386 1483 442 (⁶)
1500 387 1685 444 Pei-gunt
1713 387 1805 430 haec‘
1831 390 1923 430 eor-

214 476 318 517 pora
346 459 646 516 propemodum
675 461 719 503 in
739 460 902 502 circulis
920 459 1109 501 maximis
1130 459 1327 515 quamdiu
1345 467 1562 502 moventur
1580 461 1777 511 celerius;
1807 465 1854 502 at
1871 461 1921 502 in

211 595 276 636 jam
292 595 582 630 determinavimus,
604 600 640 625 ut
661 599 766 625 autem
785 603 888 625 veram
911 593 1048 625 obtinea-

215 648 285 668 mus
299 643 427 668 cometae
441 638 652 679 trajectoriam,
669 647 706 667 ex
721 636 789 667 loco
803 637 849 673 H,
865 636 904 667 ad
919 636 1047 675 planum

215 680 364 720 eclipticae
378 688 478 711 erecta
493 679 682 720 intelligatur
695 679 842 709 normalis
858 679 894 709 H
913 680 962 713 M,
977 684 1046 709 tan-

215 733 292 763 gens
306 723 413 763 anguli
434 722 604 753 latitudinis
618 727 746 752 cometae
761 720 799 752 ad
822 721 930 752 datum
945 722 1047 751 obser-

216 765 345 798 vationis
359 772 481 804 tempus
499 764 598 804 posito
623 764 653 794 A
668 764 715 800 H,
737 763 833 799 radio,
857 763 974 803 eritque
996 763 1045 800 M,

215 807 303 838 loeus
317 817 407 838 verus
422 814 549 838 cometae
564 806 603 837 ad
618 811 740 844 tempus
753 805 880 842 datum;
902 811 948 835 est
963 805 1046 835 enim

214 849 324 889 positio
344 856 436 880 rectae
463 850 492 880 A
511 849 557 886 H,
585 848 651 889 ejus
672 847 835 888 longitudo
856 853 888 877 et
911 847 1047 887 angulus

216 892 254 922 M
272 892 304 922 A
314 892 363 929 H,
379 891 518 922 latitudo.
562 890 706 921 Similiter
720 891 753 919 in
767 890 836 920 loco
852 890 893 926 V,
909 889 948 920 ad
962 889 1046 920 idem

214 934 362 973 eclipticae
376 934 506 973 planum
520 933 655 973 erigatur
668 932 815 963 normalis
832 932 862 962 V
878 932 918 967 L,
941 942 1043 972 aequa-

213 976 252 1006 lis
276 977 413 1016 tangenti
439 975 610 1006 latitudinis
632 974 671 1005 ad
695 974 777 1004 idem
799 979 922 1013 tempus
942 975 1045 1004 obser-

213 1024 300 1056 vatae‚
325 1024 449 1057 sumpto
476 1018 509 1049 D
537 1017 578 1053 V,
602 1027 658 1056 pro
682 1016 778 1054 radio,
804 1016 862 1046 erit
887 1016 928 1054 L,
958 1016 1045 1047 locus

154 1069 157 1072 '
213 1071 303 1091 verus
324 1067 459 1094 cometae,
483 1058 615 1099 ideoque
635 1059 744 1102 juncta
765 1064 849 1088 recta
874 1058 902 1088 L
923 1059 972 1095 M,
999 1064 1045 1090 απ

211 1103 278 1142 ipsa
299 1103 469 1143 trajectoria
494 1102 630 1143 quaesita.
687 1101 779 1131 Patet
800 1105 905 1131 autem
928 1101 1044 1136 distan-

211 1146 288 1176 tiam
309 1145 370 1176 loci
392 1146 441 1180 Μ,
464 1146 503 1175 ab
520 1145 562 1181 A,
585 1143 647 1174 sive
669 1149 783 1173 rectam
806 1143 835 1173 A
855 1143 903 1178 M,
926 1152 990 1174 esse
1004 1143 1045 1173 ad

211 1193 326 1218 rectam
351 1189 381 1218 A
399 1187 504 1222 H‚>ut
517 1196 623 1216 secans
637 1184 807 1215 latitudinis
821 1184 853 1214 in
873 1184 919 1222 H,
941 1185 980 1215 ad
995 1195 1043 1216 ra-

211 1230 310 1266 dium,
327 1235 359 1260 et-
371 1228 414 1260 iui
427 1227 520 1268 porro
533 1228 572 1273 de
586 1228 654 1258 aliis
667 1233 795 1258 cometae
809 1226 894 1256 locis.

256 1275 326 1302 138.
348 1272 467 1302 Caetera
481 1275 554 1311 quae‘
565 1270 604 1301 ad
619 1275 739 1300 motum
749 1274 877 1299 cometae
893 1268 1045 1307 pertinent

211 1314 302 1345 facile
322 1314 517 1345 definientur.
563 1311 726 1343 Invenitur
749 1311 778 1342 L
795 1311 844 1347 Μ,
868 1317 948 1341 recta
963 1311 1045 1341 scili-

211 1363 260 1388 cet
279 1367 422 1396 percursa
442 1367 461 1386 a
482 1361 610 1392 cometa,
630 1354 707 1385 dum
724 1353 833 1384 Tellus
847 1354 885 1383 ab
908 1353 939 1383 A
954 1353 994 1383 ad
1010 1354 1044 1384 D

210 1406 360 1430 movetur.
408 1399 552 1429 Ducatur
566 1397 649 1428 enim
665 1396 694 1426 L
712 1396 737 1425 P
757 1395 814 1435 ipsi
837 1395 869 1425 V
887 1395 921 1425 H
945 1395 1044 1435 paral-

210 1441 272 1471 lela
286 1451 357 1472 curn
372 1439 455 1472 recta
471 1441 508 1471 M
520 1440 550 1470 E
567 1448 751 1471 concurrens
764 1439 798 1470 in
814 1437 852 1469 P.
865 1476 870 1481 Ι
893 1437 935 1472 In
949 1437 1043 1469 trian-

210 1483 287 1524 gulo
305 1485 332 1515 P
349 1484 377 1515 L
395 1484 443 1520 M,
467 1489 575 1523 praeter
589 1481 740 1523 angulum
754 1491 820 1511 rec-

211 1532 278 1557 tum
295 1526 326 1556 in
346 1527 382 1561 P,
399 1526 490 1557 datur
504 1526 584 1556 latus
600 1525 629 1557 L
647 1525 685 1560 P,
701 1523 819 1564 aequale

210 1568 297 1598 lateri
314 1568 344 1599 V
358 1569 405 1605 H,
422 1575 513 1608 atque
528 1568 619 1598 etiam
634 1566 725 1597 datur
739 1567 819 1597 latus

212 1611 242 1641 P
259 1611 307 1647 M,
328 1610 446 1651 aequale
467 1609 646 1642 differentiae
666 1615 818 1639 rectarum

210 1653 352 1684 datarum
369 1653 407 1683 M
422 1653 467 1690 H,
485 1653 515 1683 L
534 1652 572 1688 V,
588 1650 682 1692 quare
697 1651 819 1682 dabitur

212 1696 241 1726 L
253 1696 302 1726 M.
334 1695 573 1726 ProducaturM
586 1695 624 1731 L,
634 1694 732 1724 donee
745 1702 819 1723 cum

212 1738 248 1768 H
263 1738 304 1774 V,
317 1743 478 1768 concurrat
491 1737 524 1766 in
538 1737 580 1773 N,
592 1736 649 1766 erit
662 1735 693 1766 N
706 1735 816 1765 nodus.

212 1780 366 1811 Praeterea
383 1780 414 1809 N
427 1779 457 1809 V
472 1779 529 1809 erit
541 1778 580 1808 ad
592 1778 623 1808 V
639 1778 678 1813 L,
693 1783 727 1807 ut
739 1777 770 1806 V
781 1776 818 1806 H
867 1790 871 1793 ·

209 1821 511 1861 adPM,itemque
535 1821 563 1851 L
586 1819 819 1850 NadLVut

211 1865 238 1894 L
255 1865 294 1894 M
320 1863 359 1894 ad
386 1864 425 1893 M
450 1863 487 1900 P,
514 1868 546 1893 et
569 1860 640 1892 ideo
663 1861 819 1892 dabuntur

211 1906 241 1937 L
259 1907 301 1942 N,
325 1906 354 1936 L
371 1905 423 1943 V;
446 1904 583 1944 capiatur
597 1909 719 1943 tempus
733 1902 818 1943 quod

210 1948 250 1979 sit
269 1948 309 1978 ad
331 1954 455 1987 tempus
476 1947 555 1985 inter
575 1945 818 1977 observationem

210 1991 244 2020 in
266 1991 312 2026 M,
340 1996 371 2020 et
393 1989 634 2020 observationem
658 1988 691 2018 in
717 1987 755 2024 L,
781 1993 819 2018 ut

212 2033 245 2063 N
270 2033 298 2062 L
314 2032 363 2063 .ad
389 2033 418 2062 L
435 2032 485 2068 M,
510 2031 672 2062 habebitur
693 2035 818 2068 tempus

210 2075 291 2105 inter
305 2074 546 2105 observationem
560 2074 593 2103 in
609 2073 647 2108 L,
663 2078 695 2103 et
708 2071 817 2111 appul-

211 2127 280 2147 sum
296 2123 424 2148 cometae
438 2116 478 2146 ad
492 2115 630 2153 nodum3
646 2113 717 2145 cum
733 2114 817 2144 enim

212 2165 331 2190 cometa
354 2159 389 2189 in
413 2156 496 2192 linea
520 2156 603 2188 recta
625 2156 820 2186 uniformiter

211 2202 327 2232 moveri
338 2206 536 2240 supponatur,
549 2205 687 2238 tempora
700 2203 773 2228 sunt
783 2203 820 2228 ut

211 2245 319 2283 spatia-
345 2243 479 2274 Dabitur
489 2251 612 2282 quoque
623 2241 708 2271 locus
717 2250 819 2270 come-

213 2293 253 2317 tae
266 2286 299 2316 in
315 2285 396 2316 nodo
408 2284 569 2321 versantis;
584 2283 656 2314 cum
669 2282 752 2313 enim
765 2282 818 2312 de-

212 2334 263 2359 tur
277 2333 427 2367 punctum
445 2327 485 2362 N,
508 2332 539 2357 et
552 2331 676 2365 propter
697 2331 825 2364 tempus

212 2371 373 2411 cognitum
388 2370 466 2399 inter
477 2368 716 2399 observationem
731 2367 765 2396 in
777 2366 817 2403 L,

213 2419 244 2443 et
257 2411 421 2451 appulsum
437 2416 563 2441 cometae
573 2409 613 2440 ad
623 2409 751 2444 nodum,
764 2408 818 2439 de-

213 2461 264 2485 tur
274 2463 398 2495 quoqne
409 2453 494 2483 locus
506 2453 610 2483 Terrae
618 2462 674 2492 pro
682 2452 740 2482 hoc
751 2460 818 2481 mo-

212 2504 327 2533 mento,
357 2496 480 2527 dabitur
507 2495 618 2534 positio
638 2499 729 2524 rectae
753 2493 819 2524 haec

212 2546 328 2579 puncta
338 2538 508 2579 jungentis,
524 2538 582 2567 hoc
597 2542 642 2567 est
656 2534 819 2576 longitudo

213 2588 340 2612 cometae
351 2581 381 2610 in
393 2580 475 2610 nodo
484 2579 648 2610 existentis.
678 2576 819 2609 Tandem

213 2625 254 2654 ob
268 2623 371 2654 datam
386 2622 561 2653 distantiam
575 2620 650 2651 nodi
665 2630 684 2651 a
701 2620 770 2650 loco
786 2618 818 2649 V

213 2665 377 2706 datamque
405 2664 599 2695 latitudinem
627 2667 756 2694 cometae
783 2661 818 2691 in

213 2708 322 2739 eodem
351 2708 428 2744 loco,
459 2707 572 2737 dantur
599 2705 633 2735 in
660 2703 817 2744 triangulo

213 2749 360 2792 sphaerieo
371 2748 552 2789 rectangulo
560 2748 655 2779 latera
662 2746 726 2778 duo
737 2744 817 2776 circa

210 2792 363 2833 angulum
390 2799 518 2827 rectum,
551 2800 587 2821 ac
611 2787 739 2829 proinde
767 2788 815 2817 in-

211 2834 340 2865 notescit
360 2833 516 2864 inclinatio
534 2833 765 2872 hypothenusae,
782 2830 815 2861 id

214 2883 269 2912 est,
286 2876 402 2907 semitae
415 2876 511 2915 ipsius
524 2881 651 2906 cometae
665 2872 705 2904 ad
719 2872 900 2912 eclipticam.

260 2922 327 2948 154.
356 2919 407 2949 Ex
422 2918 510 2948 dictis
524 2916 679 2957 colligitur
692 2913 756 2955 quii
775 2915 891 2945 ratione
906 2914 944 2946 ad
966 2920 1045 2946 tem-

214 2970 273 2999 pus
293 2960 452 3000 quodlibet
472 2958 662 2998 propositum
682 2956 802 2988 definiri
823 2957 939 2997 possint
959 2957 1046 2988 locus

215 3009 343 3032 cometa:
354 3013 372 3032 e
386 3000 483 3033 Terra
497 3002 587 3038 visus,
601 3000 744 3040 illiusque
754 2998 898 3030 distantia
908 3010 927 3030 a
940 2998 1046 3031 Terra.

218 3043 473 3075 Determinentur
500 3050 538 3074 ut
565 3041 658 3082 supra
686 3041 849 3082 vestigium
877 3042 983 3072 orbitae
1012 3042 1045 3071 in

215 3086 309 3126 plano
324 3086 472 3123 eclipticae
488 3086 524 3116 H
542 3086 572 3116 E
589 3085 620 3115 V
638 3085 680 3121 R,
696 3083 821 3124 ipsaque
835 3093 904 3114 vera
919 3089 1046 3114 cometae

217 3128 314 3160 orbita
330 3128 368 3159 M
386 3128 415 3158 L
434 3128 463 3158 N
483 3129 525 3163 Q·
573 3127 720 3167 Capiatur
737 3126 772 3158 H
792 3125 876 3157 R-ad
894 3126 928 3156 H
947 3126 988 3164 V,
1011 3132 1047 3156 ut

1091 593 1225 633 spatium
1240 593 1320 625 inter
1334 593 1576 626 observationem
1596 593 1726 634 primam
1739 600 1922 635 tempusque

1090 635 1199 666 datum
1220 635 1260 666 ad
1282 637 1413 676 spatium
1435 637 1515 666 inter
1529 637 1767 668 observationem
1789 637 1921 676 primam

1090 684 1122 709 et
1135 684 1284 718 quartam.
1333 679 1419 710 Dato
1440 679 1545 710 Terrae
1566 679 1634 710 loco
1646 677 1687 709 ad
1707 685 1830 719 tempus
1849 688 1921 718 pro-

1089 721 1238 760 positum,
1262 719 1339 759 puta
1363 721 1398 757 F,
1418 721 1508 752 datur
1529 721 1641 760 positio
1664 727 1755 752 rectae
1779 721 1805 752 F
1819 721 1860 756 R,
1884 731 1921 752 ac

1089 762 1217 802 proinde
1231 762 1324 793 datur
1344 762 1508 804 longitudo
1522 769 1649 793 cometae
1663 763 1791 803 quesita
1812 763 1916 806 (1:32).

1092 805 1245 835 Praeterea
1259 804 1313 835 fiat
1331 806 1361 836 R
1374 805 1456 841 Qad
1472 806 1502 835 R
1514 805 1555 842 N,
1572 805 1652 836 sicut
1666 805 1702 835 Μ
1718 805 1808 836 Ηιὰ
1822 805 1860 836 Η
1874 805 1919 843 N,

1089 854 1173 887 patet
1187 847 1252 878 dari
1272 847 1466 878 latitudinem
1482 853 1609 877 cometae
1622 846 1660 877 ad
1675 848 1798 886 tempufi
1810 847 1921 878 datum

1107 890 1163 920 loc.
1182 890 1232 920 cit.
1240 889 1263 929 ).
1321 890 1385 920 His
1409 895 1515 920 autem
1542 889 1629 923 datis.
1660 889 1794 920 obtineri*
1821 895 1922 930 potent

1111 933 1232 963 istantia
1257 938 1386 962 cometae
1411 942 1430 963 a
1454 930 1553 962 Terra
1576 930 1683 973 (ibid.)
1709 931 1742 961 in
1766 929 1825 962 hic
1846 930 1920 973 ergo

1087 974 1247 1014 hypothesi
1261 973 1345 1014 quod
1360 981 1488 1005 cometae
1501 974 1533 1004 in
1550 973 1641 1004 lineis
1654 973 1743 1004 rectis
1756 973 1920 1004 uniformi-

1087 1022 1133 1047 ter
1160 1022 1350 1053 moveantur,
1380 1016 1576 1047 determinari
1610 1021 1739 1055 possunt
1765 1016 1921 1056 precipua

1086 1057 1191 1089 motiis
1212 1063 1400 1089 cometarum
1422 1058 1583 1088 elementa.
1637 1055 1710 1088 Hac
1732 1057 1771 1088 de
1790 1067 1826 1088 re
1845 1067 1920 1089 con-

1087 1100 1167 1133 sulat
1195 1101 1291 1133 lector
1318 1099 1514 1139 Opusculum
1537 1099 1648 1130 clariss.
1672 1100 1729 1130 viri
1760 1100 1922 1132 Dominici

1090 1142 1210 1174 Cassini
1225 1143 1264 1173 de
1281 1141 1411 1173 Cometa
1425 1152 1474 1173 an.
1495 1146 1598 1177 1664;
1625 1142 1755 1172 Davidis
1778 1142 1921 1182 Gregorii

1090 1185 1322 1216 Astronomiam
1347 1184 1521 1224 Physicam,
1545 1190 1576 1214 et
1593 1184 1714 1215 Cassini
1735 1183 1793 1214 filii
1817 1185 1920 1216 Theo.

1087 1228 1164 1257 riam
1197 1227 1398 1259 Cometarum
1425 1226 1459 1257 in
1492 1226 1709 1258 Monumentis
1739 1226 1837 1257 Paris.
1865 1237 1916 1258 nn.

1132 1311 1175 1353 (ἀ)
1207 1314 1225 1335 ⁹
1256 1313 1398 1351 Per-gunt
1426 1312 1490 1344 Izaec
1519 1321 1652 1350 coquom.
1714 1310 1775 1340 Est
1801 1316 1834 1342 et
1860 1310 1921 1342 ali·

1088 1353 1258 1393 parallaxis
1271 1353 1450 1393 proveniens
1471 1362 1508 1382 ex
1530 1358 1618 1382 motu
1642 1351 1746 1382 Terrae
1760 1351 1840 1383 oircd.
1863 1353 1920 1383 So-

1087 1396 1159 1427 lem.
1236 1395 1319 1430 Haec
1346 1393 1542 1427 latitudinem
1571 1400 1760 1424 cometarum
1858 1394 1866 1401 '
1886 1395 1894 1401 '

1086 1438 1145 1469 hoc
1173 1442 1228 1476 est,
1247 1437 1422 1473 distantiam
1450 1446 1559 1467 eorum
1587 1437 1626 1467 ab
1653 1435 1793 1476 ecliptica
1816 1447 1921 1469 versus

1087 2876 1209 2915 boream
1239 2880 1294 2906 aut
1320 2879 1468 2910 austrum,
1495 2875 1578 2907 unde
1606 2877 1643 2908 fit
1670 2882 1705 2909 ut
1728 2885 1857 2910 comete
1879 2879 1914 2910 in

1088 2917 1206 2956 sphoerfi
1227 2917 1357 2947 fixarum
1382 2927 1400 2948 a
1425 2927 1516 2949 cursu
1540 2919 1680 2950 circulari
1704 2919 1862 2952 deflectar-e
1882 2927 1915 2952 et

1088 2958 1201 2990 lineam
1221 2958 1389 2990 admodum
1411 2959 1608 3001 irregularem
1623 2961 1784 2993 videantur
1801 2962 1914 2994 descri-

1088 3002 1170 3031 bere·
1217 2999 1300 3032 cum
1315 3001 1397 3031 enim
1412 3002 1540 3041 planum
1555 3003 1586 3033 in
1601 3013 1664 3044 quo
1678 3010 1796 3035 cometa
1809 3014 1915 3035 move-

1088 3049 1149 3079 tur,
1175 3052 1246 3073 cum
1268 3043 1361 3082 plano
1382 3044 1529 3084 eclipticae
1552 3044 1585 3075 in
1609 3055 1672 3086 quo
1693 3046 1789 3077 Terra
1807 3046 1913 3084 fertur,

1089 3094 1151 3115 non
1165 3084 1324 3121 coint-idat,
1348 3093 1466 3116 cometa
1480 3085 1572 3118 modo
1586 3085 1677 3126 supri
1690 3087 1858 3127 eclipticam
1880 3089 1914 3119 in

1089 3127 1325 3167 septentrionem
1340 3128 1485 3168 ascendit,
1496 3128 1589 3161 modo
1604 3128 1683 3161 instit
1697 3129 1866 3171 eclipticam
1880 3129 1914 3163 in
