2072 3522
207 270 289 308 116

205 379 328 425 situm
361 376 585 419 oscillando
616 375 778 433 semper
807 379 969 420 redibit.

627 265 1074 309 PHILOSOPHIAE
1105 235 1462 311 NATURAms
1505 271 1598 321 [DE
1616 269 1764 311 Mun»
1782 270 1903 312 sm.

1028 380 1224 421 Attamen
1254 380 1541 431 oscillationes,
1575 382 1629 424 ob
1659 383 1901 437 parvitatem

189 484 197 493 ,x
205 447 351 489 virium
366 446 606 503 agitantium
622 455 756 488 essent
768 447 893 503 longe
907 447 1169 490 tardissimae:
1192 449 1296 491 adeo
1318 458 1364 491 ut
1382 450 1504 491 facies
1519 451 1600 501 illa,
1618 466 1711 507 quae
1727 451 1902 494 Terram

206 533 367 573 semper
398 519 601 574 respicere
635 519 815 569 deberet,
851 520 981 574 possit
1014 520 1188 561 alterum
1221 522 1332 563 orbis
1367 521 1521 562 lunaris
1554 523 1792 564 umbilicum
1827 523 1900 578 (ob

203 591 403 634 rationem
421 591 470 644 in,
488 592 613 646 Prop.
636 591 785 633 XVII.
807 591 987 644 allatam)
1019 592 1236 647 respicere,
1267 607 1400 649 neque
1421 593 1555 634 statim
1574 593 1722 636 abinde
1744 594 1897 636 retrahi

204 669 245 704 et
263 661 306 702 in
327 661 501 702 Terram
521 661 713 703 converti.

904 779 1134 820 LEMMA
1165 779 1200 821 Ι.

195 891 250 933 Si
269 891 308 932 A
323 891 359 932 P
375 890 412 932 E
430 891 466 932 P
484 905 513 945 p
540 891 704 932 Terram
725 892 902 946 designet
920 893 1171 947 unfformiter
1190 894 1361 943 densam,
1383 899 1589 947 centroque
1610 893 1647 934 C
1667 899 1705 934 et
1716 889 1826 946 polis
1847 893 1897 943 P,

238 987 241 989 -
256 976 286 1016 p
307 968 345 1002 et
363 969 564 1016 aequatore
581 962 621 1002 A
635 962 673 1003 E
694 964 930 1004 delineatam
945 987 960 1012 ;
993 971 1031 1005 et
1049 966 1086 1006 si
1103 971 1236 1006 centro
1257 965 1292 1006 C
1310 967 1429 1006 radio
1451 965 1488 1006 C
1510 965 1546 1007 P
1565 966 1732 1006 describi
1750 958 1900 1005 intelli-

252 1040 376 1088 gatur
394 1035 547 1086 sphaera
571 1033 607 1074 P
627 1049 651 1074 a
669 1048 698 1088 p
719 1049 764 1083 e3
793 1036 848 1075 sit
879 1042 1007 1076 autem
1029 1035 1071 1084 Q
1094 1035 1134 1077 R
1160 1037 1340 1089 planum,
1375 1037 1439 1076 cui
1458 1043 1566 1077 recta
1585 1051 1611 1076 a
1636 1043 1769 1078 centro
1797 1035 1901 1078 Solis

257 1104 314 1142 ad
340 1109 509 1143 centrum
536 1103 673 1144 Temw
707 1106 836 1157 ducta,
851 1107 1082 1147 normaliter
1102 1106 1250 1147 insistit
1263 1129 1278 1153 ;
1310 1113 1349 1147 et
1375 1107 1512 1147 Terra>
1544 1109 1664 1148 totius
1694 1107 1901 1148 exterioris

259 1173 295 1214 P
306 1188 330 1213 a
341 1187 369 1227 p
386 1173 426 1214 A
442 1173 477 1214 P
493 1188 515 1214 e
529 1188 558 1227 p
576 1174 626 1223 Ε,
649 1189 735 1228 quae
754 1176 910 1228 sphaera
929 1175 1041 1217 modo
1061 1176 1257 1230 descripta
1277 1179 1400 1218 altior
1419 1185 1487 1227 est,
1501 1180 1718 1232 particulae
1735 1180 1902 1233 singulae

256 1251 442 1285 conentur
453 1247 630 1285 recedere
643 1246 736 1287 hinc
756 1248 849 1287 inde
868 1261 894 1286 a
907 1249 1036 1300 plano
1050 1246 1092 1296 Q
1107 1248 1161 1297 R,
1181 1250 1308 1302 sitque
1322 1255 1482 1289 conatus
1494 1251 1711 1302 particulae
1721 1248 1901 1303 cujusque

255 1321 300 1355 ut
319 1314 482 1368 ejusdem
503 1316 696 1355 distantia
715 1330 741 1355 α
758 1318 882 1369 plano
895 1335 907 1356 .·
936 1318 1023 1357 dico
1035 1315 1182 1370 primo,
1203 1320 1307 1371 quod
1324 1324 1408 1358 tota
1419 1319 1711 1371 particularum
1731 1320 1900 1360 omnium

257 1385 301 1425 in
322 1386 533 1438 ceqaatoris
560 1387 705 1426 circulo
736 1385 776 1426 A
802 1385 852 1435 E,
887 1393 1000 1428 extra
1015 1387 1170 1441 globum
1191 1387 1440 1442 uniformiter
1459 1402 1539 1441 per
1558 1395 1679 1429 totum
1698 1389 1900 1430 circuitum

259 1459 304 1498 in
324 1472 463 1498 morem
484 1460 625 1498 annuli
646 1460 935 1512 dispositarum,
957 1461 1015 1501 vis
1035 1467 1073 1501 et
1092 1461 1267 1516 efficacia
1295 1462 1352 1501 ad
1382 1461 1547 1501 Terram
1566 1463 1708 1502 circum
1728 1468 1900 1502 centrum

259 1530 340 1585 ejus
359 1533 582 1580 rotandum,
605 1533 657 1572 sit
678 1533 733 1572 ad
760 1539 881 1573 totam
894 1535 1188 1586 particularum
1207 1516 1367 1576 totide'in
1389 1534 1433 1574 in
1452 1536 1667 1588 aequatoris
1676 1541 1826 1587 puncto
1845 1534 1900 1584 A,

259 1602 362 1656 quod
391 1616 418 1641 a
441 1603 570 1655 plano
601 1601 643 1650 Q
674 1602 714 1642 R
737 1601 905 1643 maxime
925 1604 1061 1654 distat,
1096 1605 1385 1644 emisi-§tentiam
1415 1604 1492 1644 vim
1521 1610 1559 1644 et
1590 1605 1814 1660 efficaciam,
1847 1605 1905 1645 ad

264 1674 430 1714 Terram
450 1674 643 1715 consimili
661 1681 766 1715 motu
785 1676 975 1716 circulari
998 1676 1141 1716 circum
1161 1681 1333 1715 centrum
1353 1673 1433 1728 ejus
1452 1676 1688 1724 movendam,
1721 1682 1766 1716 ut
1784 1689 1902 1716 unum

258 1747 315 1786 ad
331 1747 419 1795 duo.
469 1748 528 1786 Et
547 1752 668 1786 motus
688 1748 761 1787 iste
779 1748 986 1788 circularis
1005 1749 1148 1788 circum
1167 1762 1291 1797 arem,
1315 1749 1358 1787 in
1377 1749 1567 1788 communi
1583 1749 1751 1789 sectione
1769 1763 1902 1803 aequa-

260 1816 358 1855 toris
377 1821 415 1856 et
425 1816 548 1867 plani
569 1815 611 1863 Q
634 1815 673 1856 R
680 1815 893 1868 jacentem,
908 1823 1136 1870 peragetur.

261 1927 370 1968 Nam
392 1935 533 1968 centro
555 1928 597 1969 K
617 1929 816 1971 diametro
839 1930 860 1971 I
883 1930 921 1971 L
941 1931 1195 1973 describatur
1214 1932 1510 1973 semi-circulus
1541 1933 1562 1974 I
1584 1932 1627 1974 N
1648 1933 1699 1974 L.
1759 1933 1904 1976 Dividi

206 2000 455 2056 intelligatur
476 2002 923 2044 semi-circumferentia
953 2003 975 2044 I
997 2004 1040 2044 N
1060 2004 1098 2044 L
1128 2004 1170 2044 in
1189 2012 1326 2058 partes
1346 2004 1581 2045 innumeras
1601 2004 1792 2060 aequales,
1819 2012 1861 2046 et
1878 2020 1904 2046 a

204 2072 390 2126 partibus
410 2072 580 2129 singulis
614 2073 658 2114 N
688 2073 741 2114 ad
761 2074 1005 2115 diametrum
1037 2075 1059 2116 I
1090 2075 1128 2116 L
1158 2075 1425 2116 demittantur
1447 2076 1559 2117 sinus
1581 2075 1624 2116 N
1646 2075 1711 2117 M.

208 2184 255 2215 vel
270 2184 440 2216 excentrica
453 2185 551 2225 qualis
565 2190 610 2216 est
624 2185 720 2218 orbita
736 2186 846 2224 Lunae,
869 2186 1027 2218 variabiles

208 2233 281 2257 sunt
305 2228 432 2267 hujusce
453 2227 538 2257 fluidi
560 2228 738 2262 velocitates,
764 2228 857 2269 quare
882 2229 975 2259 Luna
995 2229 1025 2259 in

208 2269 315 2299 eodem
325 2269 387 2299 situ
398 2270 559 2299 consistere
569 2280 630 2300 non
641 2277 750 2309 potest,
763 2271 816 2301 sed
827 2271 1028 2301 oscillationes

208 2311 354 2349 quasdam
369 2311 401 2340 in
416 2311 640 2350 longitudinem
655 2311 789 2351 patitur;
803 2323 838 2343 ex
849 2313 962 2352 quibus
976 2313 1029 2343 fiet

210 2358 247 2382 ut
261 2352 352 2382 modo
368 2353 454 2383 nobis
465 2353 624 2394 detegatur
638 2354 739 2394 aliqua
752 2365 822 2393 pars
835 2355 1027 2394 hemispherii

209 2393 292 2434 quod
307 2394 461 2424 occultum
476 2405 538 2425 esse
553 2396 639 2433 solet,
654 2395 746 2434 modo
760 2403 863 2427 nutem
879 2397 965 2426 nobis
976 2399 1029 2427 nb-

210 2435 374 2466 scondatur
384 2436 486 2476 aliqua
496 2448 564 2476 pars
575 2438 768 2477 hemispherii
779 2438 860 2478 quod
873 2438 950 2469 solet
965 2449 1029 2470 esse

211 2478 421 2517 conspicuum,
443 2479 536 2519 idque
550 2480 648 2520 magis
669 2480 716 2510 vel
732 2480 836 2511 minus·
853 2481 954 2510 contin
978 2491 1028 2511 ere

211 2520 301 2550 debet
314 2530 369 2558 pro
382 2520 489 2561 majori
508 2521 556 2551 vel
577 2522 686 2552 minori
701 2520 904 2561 inoequalirate
918 2492 1026 2553 veffici-

194 2593 196 2595 ,
211 2568 311 2592 tatum
326 2561 421 2601 fluidi,
471 2562 542 2593 Hac
557 2563 672 2593 ratione
687 2564 827 2603 explicari
849 2564 958 2603 poterit
972 2574 1027 2595 cur

208 2603 329 2634 lunaris
353 2604 519 2635 librationis
547 2607 699 2645 quantitas
732 2606 765 2635 in
802 2606 1026 2646 longitudinem

212 2646 308 2686 major
323 2645 486 2687 aliquando
500 2649 538 2677 ab
551 2648 731 2678 astronomis
749 2649 922 2679 observatur
934 2648 1027 2688 quam

213 2698 249 2717 ex
282 2688 373 2727 Prop.
404 2689 519 2719 XVH.
550 2689 620 2720 Lib.
651 2690 754 2729 hujus,
784 2690 902 2728 prodire
930 2691 1028 2721 debet.

214 2729 332 2759 Verum
353 2736 418 2760 tota
439 2733 503 2761 hoec
525 2731 685 2771 explicatio
705 2731 744 2762 ad
760 2736 828 2762 ‘rem
844 2738 978 2762 nostram
997 2739 1028 2763 et

216 2771 454 2802 Newtonianum
470 2780 601 2812 systema
615 2773 900 2810 accommodabitur,
922 2775 946 2803 si
962 2785 1027 2804 vor-

213 2814 308 2843 ticum
324 2814 392 2845 loco
403 2816 603 2845 substituatur
613 2815 758 2853 attractio,
770 2816 1029 2856 quemadmodum

198 2882 200 2885 ,
214 2867 232 2885 a
246 2856 355 2886 clariss.
405 2857 536 2888 Daniele
555 2857 733 2888 Bernoullio
747 2858 862 2888 factum
877 2864 929 2893 est,
943 2859 1029 2899 cujus

215 2897 357 2928 eximiam
382 2898 634 2929 Dissertationem
657 2899 696 2930 de
721 2899 824 2930 Fluxu
841 2907 872 2931 et
896 2900 1034 2931 Refluxu.

217 2939 314 2969 Maris
331 2941 406 2979 Cap.
426 2941 496 2971 111.
514 2941 653 2973 consulat
667 2941 769 2973 lector.

259 2980 300 3017 (W
322 2985 388 3012 ¹25.
404 2985 420 3000 '
439 2984 482 3014 Et
506 2994 626 3014 summa
647 2986 877 3024 quadratorum.
926 2984 1036 3015 Divisa

216 3022 404 3062 intelligatur
417 3025 752 3056 semi-circumferentia
777 3026 791 3056 1
810 3027 841 3056 N
859 3027 897 3062 L,
918 3026 950 3056 iu
965 3037 1033 3065 par-

217 3063 325 3094 ticulas
341 3066 470 3104 aequalcs
485 3067 660 3098 innumeras
674 3078 694 3097 n
711 3070 740 3105 b,
759 3068 791 3098 N
808 3068 848 3104 L,
867 3068 898 3097 N
917 3070 946 3104 S,
962 3070 982 3098 b
996 3069 1034 3104 Β,

217 3106 273 3136 &c-
292 3106 456 3147 erectisque
472 3108 588 3139 sinibus
602 3111 622 3140 b
636 3111 677 3146 R,
696 3110 728 3140 N
742 3111 790 3148 M,
807 3111 862 3141 &m
882 3112 939 3142 erit
952 3110 1037 3141 sinus

1771 2075 1817 2131 (²)
1848 2075 1905 2118 Et

1084 2188 1104 2217 b
1118 2197 1160 2224 m,
1177 2197 1231 2217 seu
1252 2187 1283 2218 K
1298 2188 1338 2224 R,
1355 2190 1479 2227 aequaus
1493 2188 1573 2219 sinui
1590 2189 1623 2219 N
1635 2189 1683 2225 M,
1695 2194 1726 2219 et
1739 2187 1782 2219 ita
1792 2188 1832 2219 de
1845 2198 1904 2219 co-

1083 2230 1156 2259 teris
1170 2229 1280 2270 (Prop.
1297 2230 1432 2260 XXVI.
1453 2230 1523 2260 Lib.
1541 2231 1609 2260 ΙΙΙ.
1631 2230 1759 2270 Elem·).
1799 2229 1904 2267 Quare

1085 2272 1170 2301 sinus
1184 2281 1289 2301 omnes
1303 2277 1338 2301 ut
1355 2271 1388 2302 K
1409 2272 1448 2308 R,
1473 2272 1506 2302 K
1524 2272 1558 2307 F.
1582 2272 1714 2312 aequales
1727 2278 1818 2303 emm
1831 2272 1904 2302 sini-

1083 2314 1142 2343 bus
1155 2319 1191 2343 ut
1207 2314 1238 2343 N
1255 2314 1303 2349 Μ,
1323 2313 1344 2343 S
1358 2313 1400 2350 Q,
1414 2323 1450 2343 ac
1464 2312 1592 2352 proinde
1607 2324 1729 2345 summa
1741 2313 1904 2355 quadrato-

1083 2364 1154 2384 rum
1182 2365 1221 2385 ex
1247 2354 1363 2386 sinibus
1384 2355 1528 2386 omnibus
1557 2356 1591 2387 N
1615 2356 1664 2394 M,
1694 2356 1820 2398 equalis
1846 2356 1904 2388 erit

1081 2914 1212 2935 summae
1226 2904 1445 2945 quadratorum
1464 2915 1500 2935 ex
1516 2905 1634 2936 sinibus
1647 2905 1791 2936 omnibus
1807 2905 1840 2936 K
1853 2904 1902 2936 M.

1085 2943 1236 2979 Proeterea
1247 2947 1428 2986 quadratum
1441 2948 1668 2978 semi-diametri
1687 2948 1717 2979 K
1734 2948 1774 2982 N,
1786 2947 1903 2988 aequale

1086 2995 1127 3020 est
1141 2988 1294 3029 quadratis
1308 2989 1432 3018 sinuum
1458 2990 1490 3020 K
1508 2990 1556 3026 Μ,
1577 2990 1614 3020 Μ
1632 2991 1674 3021 N.
1722 2988 1826 3025 Quare
1848 2990 1903 3031 (ob

1081 3040 1232 3061 summum
1248 3031 1464 3071 quadratorum
1489 3032 1522 3062 K
1540 3032 1589 3069 M,
1612 3031 1758 3072 aequalem
1775 3041 1904 3061 summae

1082 3072 1297 3111 quadratorum
1312 3073 1343 3103 N
1356 3073 1421 3112 Μ,)
1435 3084 1554 3104 summa
1564 3074 1778 3115 quadratorum
1791 3083 1827 3103 ex
1837 3082 1904 3103 om-

1083 3116 1173 3146 nibus
1196 3115 1442 3146 semi-diametra
1470 3117 1503 3147 Κ
1526 3117 1566 3152 N,
1594 3116 1688 3156 dupla
1709 3122 1754 3147 cst
1775 3124 1904 3146 summm
