2072 3522
202 274 282 313 124
571 269 1024 313 PHILOSOPHIAE
1056 241 1416 313 NATURALIS
1474 234 1570 322 [DE
1593 270 1755 312 Mum).
1778 271 1899 315 Sm.

254 381 561 436 Descripsimus
574 382 662 438 jam
672 381 855 438 'systema
873 380 994 431 Solis,
1010 381 1168 432 Terrae,
1190 381 1339 432 Lunae,
1357 389 1398 423 et
1413 381 1696 436 planetarum:
1719 390 1905 438 superest

198 460 244 494 ut
264 451 316 494 de
337 452 505 494 cometis
525 452 724 494 nonnulla
749 452 1005 508 adjiciantur.

882 609 1114 652 LEMMA
1144 609 1220 651 IV.

348 723 526 765 Cometas
545 737 623 764 esse
642 721 763 763 Luna
786 723 1007 776 superiores
1026 729 1064 763 et
1085 724 1127 762 iu
1147 722 1307 776 regione
1317 722 1574 775 planetarum
1594 722 1758 764 versari.

256 832 308 887 (q)
331 831 394 874 Ut
414 831 596 874 defectus
623 832 882 887 parallaxeos
908 832 1069 874 diurnae
1089 832 1234 874 extulit
1255 839 1433 873 cometas
1454 846 1578 888 supra
1597 833 1786 890 regiones
1805 830 1902 874 sub-

195 903 373 956 lunares,
397 906 443 961 (f)
461 906 519 947 sic
540 921 592 947 ex
611 905 813 960 parallaxi
832 905 968 947 annua
989 905 1244 947 convincitur
1259 919 1402 946 eorum
1417 904 1636 946 descensus
1656 905 1700 945 in
1715 904 1903 962 regiones

195 975 467 1030 planetarum.
524 975 642 1026 ,Nam
661 983 844 1027 cometae,
874 976 945 1032 qui
969 975 1292 1033 progrediuntur
1310 975 1538 1016 secundum
1558 976 1745 1017 ordinem
1767 975 1905 1032 signo-

196 1061 303 1097 rum,
327 1055 421 1088 sunt
441 1061 584 1088 omnes
606 1048 682 1089 sub
703 1049 816 1089 exitu
837 1049 1103 1104 apparitionis
1123 1056 1194 1090 aut
1214 1048 1335 1089 solito
1349 1048 1550 1090 tardiores
1571 1058 1642 1090 aut
1661 1048 1903 1106 retrogradi,

196 1120 230 1160 si
262 1120 396 1161 Terra
425 1128 487 1162 est
514 1121 622 1162 inter
650 1121 761 1176 ipsos
791 1130 833 1163 et
865 1122 1029 1172 Solem;
1060 1110 1102 1163 at
1123 1122 1236 1177 justo
1256 1120 1471 1163 celeriores
1492 1122 1523 1163 si
1548 1122 1682 1163 Terra
1702 1122 1835 1179 vergit
1853 1121 1907 1163 ad

195 1194 511 1249 oppositionem.
573 1194 630 1236 Et
662 1203 818 1246 contra,
853 1196 924 1251 qui
957 1203 1139 1252 pergunt
1169 1202 1313 1236 contra
1343 1194 1533 1236 ordinem
1562 1195 1777 1252 signorum
1811 1203 1908 1236 sunt

189 1267 306 1321 justo
326 1266 541 1333 ceferiorQ
561 1267 606 1307 in
625 1266 709 1309 fine
728 1267 1008 1323 apparitionis,
1032 1268 1066 1308 si
1087 1267 1222 1308 Terra
1235 1275 1420 1308 versatur
1438 1266 1546 1308 inter
1564 1266 1676 1321 ipsos
1691 1274 1733 1307 et
1750 1265 1889 1308 Solem
1895 1281 1907 1316 3

195 1344 237 1378 et
259 1337 374 1392 justo
402 1336 604 1379 tardiores
624 1337 690 1379 vel
719 1338 961 1395 retrogradi,
994 1338 1029 1379 si
1059 1338 1193 1379 Terra
1221 1338 1298 1379 sita
1327 1346 1390 1380 est
1418 1338 1472 1379 ad
1502 1337 1726 1379 contrarias
1755 1345 1907 1393 partes.

196 1413 241 1466 (⁸)
266 1412 482 1470 Contingit
510 1412 591 1454 hoc
620 1412 799 1454 maxime
820 1428 874 1454 ex
892 1421 1009 1454 motu
1030 1412 1176 1454 Terrae
1196 1412 1239 1452 in
1259 1411 1373 1453 vario
1395 1412 1524 1466 ipsius
1545 1411 1638 1462 situ,
1670 1410 1844 1466 perinde
1864 1418 1910 1452 ut

195 1484 243 1525 fit
263 1485 306 1525 in
325 1485 514 1540 planetis,
538 1485 609 1541 qui
627 1500 705 1540 pro
724 1493 839 1527 motu
861 1485 1009 1526 Terrae
1029 1485 1094 1526 vel
1115 1483 1376 1538 conspirante
1395 1483 1467 1536 vel-
1482 1483 1690 1524 contrario
1710 1473 1824 1524 nunc
1843 1497 1910 1524 re·-

194 1555 381 1611 trogradi
411 1563 518 1605 sunt,
549 1570 663 1597 nunc
692 1555 848 1597 tardius
876 1555 1074 1612 progredi
1106 1555 1311 1605 videntur,
1347 1569 1458 1596 nunc
1487 1553 1587 1596 vero
1617 1553 1802 1596 celerius.
1865 1554 1911 1597 Si

197 1627 333 1668 Terra
350 1627 488 1684 pergit
507 1627 561 1668 ad
582 1627 753 1669 eandem
773 1638 934 1683 partem
954 1643 1050 1670 cum
1065 1635 1236 1678 cometa,
1255 1635 1296 1669 et
1307 1635 1424 1669 motu
1439 1626 1625 1684 angulari
1647 1627 1756 1669 circa
1770 1625 1910 1681 Solem

194 1697 310 1739 tanto
339 1696 511 1746 celerius
540 1697 682 1749 fertur,
719 1706 766 1739 ut
795 1707 908 1740 recta
935 1713 1013 1754 per
1043 1699 1220 1739 Terram
1249 1705 1291 1739 et
1320 1706 1522 1739 cometam
1547 1705 1751 1752 perpetuo
1781 1697 1906 1738 ducta

196 1777 418 1826 convergat
445 1770 498 1810 ad
526 1778 664 1825 partes
693 1770 801 1811 ultra
821 1779 1036 1820 cometam,
1068 1778 1228 1811 cometa
1248 1784 1271 1810 e
1292 1768 1426 1819 Terra
1448 1777 1653 1823 spectatus
1674 1767 1729 1808 ob
1748 1774 1909 1808 motum

196 1857 316 1884 suum
337 1843 560 1884 tardiorem
579 1851 750 1898 apparet
771 1858 859 1884 esse
878 1843 1143 1900 retrogradus
1154 1858 1167 1892 3
1194 1842 1254 1883 sin
1276 1840 1412 1882 Terra
1431 1839 1588 1881 tardius
1607 1839 1750 1889 fertur,
1771 1846 1907 1880 motus

197 1922 368 1957 cometae
390 1914 591 1970 (detracto
620 1923 736 1957 motu
757 1915 798 1957 T
799 1915 920 1968 errae)
952 1915 1000 1956 fit
1021 1915 1165 1957 saltem
1184 1913 1355 1956 tardior.
1414 1912 1473 1954 At
1492 1912 1526 1953 si
1545 1912 1681 1953 Terra
1698 1912 1835 1968 pergit
1862 1912 1906 1952 in

196 2039 275 2060 nova
290 2035 455 2060 occurrunt
469 2030 697 2072 quamplurIma
711 2030 750 2061 de
760 2030 863 2072 figura
879 2030 1022 2067 Telluris,
1067 2041 1104 2061 ex
1131 2033 1157 2067 1,
1180 2039 1235 2069 per
1257 2032 1287 2066 2,
1309 2029 1343 2058 in
1367 2032 1397 2065 3,
1413 2027 1463 2058 hic
1478 2027 1601 2067 planeta
1614 2036 1654 2057 ex
1668 2036 1695 2062 a,
1711 2035 1767 2064 per
1779 2026 1810 2063 b,
1826 2025 1861 2056 in
1874 2035 1904 2063 e,

197 2072 237 2102 de
257 2071 371 2102 viribus
395 2073 474 2102 Solis
494 2079 525 2103 et
547 2074 659 2109 Lunae,
683 2074 912 2111 pra-cessionem
929 2073 1024 2114 aequi-
1067 2072 1240 2103 secundum
1252 2070 1392 2102 ordinem
1407 2070 1566 2111 signorum
1581 2067 1724 2109 progredi
1744 2067 1906 2099 videbitur.

197 2114 381 2151 nocdomm,
410 2114 518 2145 eadem
553 2115 614 2155 qua
649 2116 796 2147 hactenus
823 2116 940 2146 factum
969 2122 1024 2153 est,
1075 2115 1120 2146 At
1135 2115 1161 2145 si
1178 2114 1274 2145 Terra
1289 2118 1450 2144 moveatur
1464 2122 1502 2142 ex
1516 2113 1553 2149 C,
1569 2121 1623 2151 per
1639 2111 1684 2149 D,
1706 2110 1740 2140 in
1752 2110 1782 2142 E
1795 2115 1826 2141 et
1839 2109 1906 2150 pla-
1924 2121 1928 2132 ·

199 2155 353 2192 methodo,
370 2156 543 2187 accuratius
557 2158 660 2188 licebit
674 2164 860 2196 computare.

242 2198 286 2239 (q)
302 2200 318 2217 ⁸
342 2200 382 2229 Ut
398 2200 531 2240 ‹iffa-ctus
541 2202 726 2240 parallaaeeos
740 2202 872 2231 diurnoe.
921 2200 1024 2231 Paral-
1384 2194 1413 2227 b
1439 2191 1467 2219 θ’
1607 2196 1655 2234 ⁴30

198 2240 277 2271 laxis
297 2240 409 2271 diurna
429 2248 556 2272 cometae
577 2248 622 2272 est
641 2242 812 2273 differentia
832 2242 971 2273 locorum
992 2243 1026 2273 in

197 2283 310 2322 quibus
324 2290 442 2314 cometa
457 2294 494 2314 ex
509 2290 614 2314 centro
627 2284 741 2321 Terra»,
758 2285 805 2315 vel
821 2294 857 2315 ex
872 2295 909 2315 eo
921 2295 1025 2324 super-

199 2325 279 2355 ficiei
303 2326 406 2355 Terrae
428 2326 496 2356 loco
510 2326 549 2356 ad
562 2336 656 2367 quem
671 2332 790 2357 cometa
806 2327 954 2358 verticalis
967 2334 1023 2364 est,

199 2373 231 2397 et
244 2377 281 2397 ex
296 2368 403 2408 quovis
417 2368 483 2407 alio,
499 2369 568 2399 loco
582 2369 751 2407 superficiei
768 2370 871 2399 Terrae
886 2371 1024 2400 observa-

199 2415 250 2439 tus
264 2410 343 2440 inter
357 2410 458 2440 stellas
479 2410 555 2441 fixas
575 2411 714 2442 refertur.
764 2412 845 2441 Haec
862 2412 1026 2449 *parallaxis

199 2451 320 2488 diurna,
336 2452 470 2483 maxima
483 2459 528 2483 est
543 2454 575 2483 in
589 2453 692 2490 Luna,
707 2453 758 2484 ubi
772 2464 809 2484 ea
822 2454 854 2483 in
868 2454 1025 2485 horizonte

199 2494 402 2531 constituitur,
419 2494 491 2526 inde
506 2495 577 2526 vero
591 2496 690 2537 magis
705 2496 864 2537 magisque
879 2496 1026 2527 decrescit

201 2535 264 2576 quo
293 2537 384 2568 altius
414 2537 508 2568 Luna
537 2537 630 2576 supra
661 2538 849 2569 horizontem
878 2538 1021 2569 elevatur.

203 2579 287 2614 Quia
316 2578 388 2610 vero
415 2580 480 2610 haec
509 2580 670 2619 parallaxis
697 2590 762 2611 non
789 2582 964 2611 observatur
992 2581 1024 2611 in

201 2622 336 2658 cometis,
351 2627 436 2661 patet
449 2632 501 2652 eos
513 2633 579 2653 esse
596 2622 690 2653 Luna.
703 2623 871 2663 superiores
887 2623 984 2664 (30.)-

243 2664 286 2705 (')
305 2667 321 2684 ³
339 2666 387 2695 Sic
401 2676 435 2695 etc
451 2667 601 2704 parallaoez'
622 2663 740 2697 αηηαᾶ.
789 2665 957 2696 Parullaxis
971 2675 1025 2696 an-

199 2717 262 2736 nua
277 2717 315 2736 ex
330 2713 418 2737 motu
433 2707 513 2738 circis
526 2707 627 2738 Solem
644 2707 750 2745 oritur,
765 2708 892 2747 haecque
903 2708 1025 2747 respicit

198 2748 426 2789 longitudinem
448 2756 584 2784 comen»,
608 2750 666 2780 hoc
687 2756 740 2787 est,
761 2749 935 2780 distantiam
958 2750 1025 2790 ejus

199 2791 231 2820 in
248 2790 387 2831 ecliptica
402 2801 421 2820 a
441 2791 541 2830 primo
559 2792 672 2822 Arietis
686 2797 811 2830 puncto.
857 2792 1025 2828 Quomodo

199 2843 236 2863 ex
252 2832 310 2864 hac
325 2833 469 2873 parallaxi
489 2834 661 2865 Newtonus
675 2833 799 2875 colligat
813 2840 948 2864 cometas
970 2835 1024 2865 de-

199 2876 343 2946 sseendere
358 2876 390 2906 in
404 2876 544 2917 regiones
558 2876 758 2916 planetarum,
775 2876 976 2916 explicabitur
990 2878 1024 2907 in

241 2927 343 2948 cursu.
676 2934 677 2937 =

242 2959 284 2999 (¹)
305 2964 372 2991 128.
393 2963 410 2980 '⁹
430 2963 586 3001 Continget
601 2963 654 2993 hoc
668 2960 806 2993 maoeime.
847 2962 893 2992 Sit
909 2963 940 2998 S,
960 2962 1023 2998 Sol.
1430 2950 1469 2987 E

200 3001 232 3031 A
253 3003 280 3031 B
299 3002 338 3039 Ε,
355 3003 452 3033 orbita
468 3003 602 3034 Telluris
615 3011 646 3035 et
660 3005 744 3041 abc,
761 3004 877 3042 sphoera
894 3004 1024 3035 fixarum
1235 3016 1238 3020 ·

198 3043 238 3074 ad
260 3054 352 3084 quam
374 3045 505 3083 planetae
521 3047 700 3084 referantur,
716 3046 926 3086 exhibeatque,
953 3051 978 3083 1,
991 3051 1021 3083 2,
1067 3054 1139 3079 neta
1153 3057 1189 3078 ex
1208 3052 1238 3084 3,
1260 3058 1315 3087 per
1330 3052 1350 3079 4
1364 3048 1396 3079 in
1413 3051 1441 3085 5,
1465 3048 1547 3079 idem
1571 3046 1691 3088 planeta
1705 3055 1759 3086 per
1772 3044 1803 3083 d,
1825 3044 1859 3076 in
1873 3053 1902 3082 e,

200 3090 229 3122 8,
252 3089 275 3120 1.
291 3086 420 3125 planetae
432 3088 565 3128 alicujus
579 3088 730 3119 inferioris
740 3088 879 3119 orbitam.
914 3090 1026 3119 Move.
1069 3090 1236 3130 retrogredi
1254 3090 1415 3121 videbitur.

198 3134 265 3159 atur
284 3129 380 3160 Terra
394 3139 431 3159 ex
447 3130 485 3167 A,
503 3140 557 3169 per
574 3131 611 3168 B,
628 3131 660 3161 in
675 3131 711 3169 C,
728 3137 758 3162 et
773 3130 889 3162 interea
904 3131 1025 3171 planeta
1111 3133 1184 3164 Jam
1201 3132 1273 3164 vero
1295 3139 1489 3173 repraesentet
1507 3136 1534 3170 1,
1548 3136 1581 3170 2,
1604 3135 1624 3162 3
1637 3132 1743 3165 οὼεῐη
1773 3129 1904 3170 planem
1924 3149 1926 3151 >
