2072 3522
206 272 286 310 198
576 252 578 255 ’
607 264 1062 310 PH1LosoPH1AE
1093 265 1458 312 NATURALIS
1501 269 1597 323 [DE
1615 271 1918 316 Munasysr.

208 384 333 431 1573,
356 394 497 421 mense
516 379 717 422 Januario
734 380 872 421 minor
887 387 976 421 erat
990 379 1095 422 Jove
1108 387 1148 422 et
1162 381 1294 437 major
1311 381 1433 434 Sirio,
1448 382 1517 424 cui
1535 384 1579 425 in
1598 385 1681 427 fine
1703 385 1921 428 Februarii

202 458 246 494 et
274 451 423 494 Martii
453 451 571 493 initio
599 452 727 494 evasit
757 452 942 508 aequalis,
1003 451 1154 495 Mense
1188 453 1323 509 Aprili
1350 465 1392 495 et
1421 453 1541 496 Maio
1571 455 1697 498 stellis
1726 457 1921 499 secundae

202 522 513 580 magnitudinis,
534 523 676 574 Junio,
698 515 812 566 J‘ulio
832 531 874 565 et
889 524 1082 580 Augusto
1103 524 1230 566 stellis
1251 525 1383 566 tertiae
1402 526 1712 583 magnitudinis,
1733 518 1922 585 Septem-

205 593 283 643 bri,
317 593 493 635 Octobri
522 602 564 636 et
592 584 823 709 NoveZlbri
853 594 980 636 stellis
1010 603 1182 652 quartae,
1214 595 1443 637 Decembri
1463 604 1505 639 et
1524 597 1629 651 anni
1651 602 1761 643 1574
1781 614 1922 642 mense

206 665 406 707 Januario
435 665 564 707 stellis
593 666 710 722 quin]
750 695 762 716 ,
795 672 837 706 et
863 680 1007 707 mense
1043 665 1273 708 Februario
1312 666 1439 708 stellis
1469 676 1596 710 sextae
1624 669 1920 727 magnitudinis

207 737 376 794 aequalis
406 737 636 788 videbatur,
671 745 713 779 et
744 752 887 779 mense
922 738 1082 780 Martio
1112 753 1167 780 ex
1201 740 1331 781 oculis
1363 741 1542 783 evanuit.
1611 742 1740 798 Color
1772 742 1834 785 illi
1866 743 1921 786 ab

206 809 325 851 initio
354 809 501 860 clarus,
532 809 714 851 albicans
743 824 793 851 ac
820 809 1075 864 splendidus,
1106 818 1251 866 postea
1277 812 1420 864 flavus,
1453 821 1494 855 et
1521 815 1621 856 anni
1651 820 1761 861 1573
1782 831 1924 860 mense

209 880 368 924 Martio
387 880 561 922 rutilans
582 880 712 921 instar
734 879 888 921 Martis
909 887 980 922 aut
1001 881 1132 922 stellae
1153 882 1410 935 Aldebaran,
1443 884 1563 928 Maio
1583 879 1722 929 autem
1741 882 1925 930 altitudi-

206 966 304 993 nem
338 938 585 993 sublividam
613 949 791 1002 induxit,
829 950 994 1007 qualem
1024 951 1068 992 in
1106 952 1287 996 Saturno
1321 955 1543 1008 cernimus,
1585 972 1709 1014 quem
1743 958 1926 1000 colorem

207 1038 339 1080 usque
368 1023 413 1063 in
432 1022 562 1063 finem
590 1021 779 1072 servavit,
812 1036 975 1078 semper
994 1030 1134 1065 tamen
1153 1024 1369 1067 obscurior
1388 1026 1506 1068 facta.
1567 1028 1684 1074 Talis
1704 1029 1829 1071 etiam
1847 1028 1927 1072 fuit

208 1097 326 1138 stella
354 1097 398 1137 in
418 1096 568 1138 dextro
594 1096 703 1151 pede
726 1097 994 1152 Serpentarii,
1017 1111 1143 1154 quam
1164 1097 1339 1153 Kepleri
1358 1099 1550 1155 discipuli
1569 1115 1680 1142 anno
1702 1107 1827 1153 1604,
1850 1096 1927 1144 'die

206 1176 265 1212 v30
295 1170 551 1226 Septembris
582 1177 631 1211 st.
652 1177 733 1212 vet.
755 1185 957 1225 apparere
976 1170 1151 1225 coepisse
1171 1170 1459 1223 observarunt,
1490 1179 1532 1214 et
1558 1172 1651 1215 luce
1671 1173 1744 1214 sua
1766 1161 1943 1216 stellam>

207 1242 324 1285 Jovis
345 1257 574 1298 superasse,
606 1241 702 1284 cum
721 1250 844 1284 nocte
862 1242 1316 1298 praecedenteminime
1336 1245 1606 1300 apparuisset.
1666 1246 1737 1289 Ab
1757 1261 1808 1303 eo
1826 1232 1927 1289 vero

208 1323 398 1371 tempore
417 1314 619 1370 paulatim
639 1315 834 1365 decrevit,
858 1322 900 1356 et
920 1315 1054 1370 spatio
1074 1315 1280 1356 mensium
1300 1316 1537 1372 quindecim
1556 1316 1624 1358 vel
1644 1317 1856 1359 sexdecim
1875 1332 1930 1359 ex

209 1385 339 1427 oculis
370 1385 548 1428 evanuit.
620 1385 718 1427 Tali
747 1385 873 1427 etiam
902 1384 1019 1428 stella
1047 1385 1155 1428 nova
1184 1401 1312 1442 supra
1339 1387 1512 1428 modum
1541 1387 1784 1443 splendente
1817 1388 1931 1444 Hip-

208 1457 390 1512 parchus
421 1456 475 1498 ad
505 1457 611 1498 fixas
642 1456 922 1499 observandas
942 1464 985 1499 et
1013 1457 1057 1498 in
1078 1457 1315 1516 catalogum
1333 1457 1568 1501 referendas
1589 1451 1788 1502 excitatus
1806 1458 1931 1502 fuisse

211 1530 375 1571 dicitur.
438 1530 523 1573 Sed
542 1530 654 1581 fixae,
678 1546 772 1587 quae
791 1545 868 1586 per
886 1530 998 1572 vices
1018 1538 1221 1586 apparent
1240 1538 1283 1572 et
1302 1538 1564 1582 evanescunt,
1594 1546 1768 1588 quaeque
1787 1531 1932 1588 paula-

210 1603 286 1644 tim
307 1613 512 1655 crescunt,
545 1612 586 1646 et
613 1605 708 1647 luce
729 1604 802 1646 sua
823 1604 930 1646 fixas
950 1604 1084 1646 tertiae
1104 1603 1402 1661 magnitudinis
1422 1604 1493 1646 vix
1514 1619 1696 1661 unquam
1717 1613 1930 1662 superant,

210 1674 404 1726 videntur
434 1690 523 1717 esse
552 1675 716 1733 generis
745 1675 927 1726 alterius,
960 1683 1002 1734 et
1020 1675 1274 1716 revolvendo
1303 1683 1467 1730 partem
1487 1675 1677 1718 lucidam
1698 1683 1740 1718 et
1768 1685 1931 1732 partem

211 1747 432 1789 obscuram
460 1764 537 1803 per
565 1748 675 1790 vices
704 1748 934 1790 ostendere.
1015 1747 1204 1802 Vapores
1234 1751 1389 1798 autem,
1423 1747 1495 1803 qui
1524 1763 1579 1789 ex
1613 1748 1710 1790 Sole
1739 1756 1781 1790 et
1804 1749 1933 1791 stellis

211 1817 307 1858 fixis
328 1825 370 1859 et
390 1818 532 1859 caudis
554 1826 808 1860 cometarum
829 1818 1034 1868 oriuntur,
1057 1817 1241 1859 incidere
1259 1826 1435 1873 possunt
1452 1833 1528 1873 per
1547 1818 1794 1875 gravitatem
1813 1835 1931 1862 suam

206 1890 257 1930 -in
286 1891 585 1945 atmosphaeras
615 1891 878 1946 planetarum
908 1899 950 1932 et
984 1891 1042 1932 ibi
1074 1890 1322 1932 condensari
1350 1898 1391 1932 et
1425 1892 1610 1934 converti
1640 1892 1684 1932 in
1714 1908 1865 1949 aquam
1893 1901 1934 1936 et

215 1960 384 2015 spiritus
405 1960 614 2011 humidos,
638 1968 680 2003 et
701 1960 876 2003 subinde
895 1975 972 2017 per
991 1961 1151 2003 lentum
1172 1961 1353 2003 calorem
1372 1962 1417 2002 in
1438 1962 1555 2013 sales,
1588 1971 1629 2004 et
1649 1963 1860 2019 sulphura,
1892 1971 1929 2007 et

215 2031 440 2082 tincturas,
455 2039 498 2072 et
515 2031 675 2082 limum,
697 2043 739 2073 et
757 2032 904 2083 lutum,
927 2039 968 2074 et
987 2032 1190 2089 argillam,
1208 2040 1250 2074 et
1262 2047 1443 2085 arenam,
1462 2041 1503 2076 et
1521 2033 1691 2090 lapideS‚
1710 2042 1752 2077 et
1766 2035 1932 2088 coralla,

216 2109 257 2146 et
278 2101 526 2146 substantias
546 2102 648 2146 alias
668 2109 884 2146 terrestres
903 2102 1105 2160 paulatim
1125 2103 1319 2161 migrare.

717 2283 1054 2328 SCHOLIUM
1087 2283 1442 2334 GENERALE,

278 2412 329 2470 (f)
362 2413 623 2471 Hypothesis
652 2414 858 2457 vorticum
885 2414 1027 2458 multis
1056 2415 1260 2471 premitur
1288 2414 1609 2458 difficultatibus.
1676 2414 1739 2458 Ut
1766 2415 1933 2470 planeta

220 2487 505 2543 unusquisque
533 2488 652 2530 radio
679 2488 734 2530 ad
771 2488 910 2531 Solem
945 2488 1072 2531 ducto
1105 2503 1220 2530 areas
1250 2488 1456 2530 describat
1489 2488 1667 2544 tempori
1698 2486 1935 2544 proportio-

218 2557 348 2608 nales,
390 2565 578 2613 tempora
622 2558 833 2614 periodica
872 2559 1054 2614 partium
1075 2558 1259 2609 ,vorticis
1292 2559 1493 2600 deberent
1531 2573 1620 2600 esse
1650 2558 1694 2600 in
1723 2556 1934 2614 duplicata

220 2629 387 2670 ratione
426 2629 717 2672 distantiarum
755 2645 781 2672 a
822 2630 931 2672 Sole.
1013 2630 1077 2673 Ut
1104 2630 1315 2686 periodica
1343 2630 1604 2686 planetarum
1627 2637 1818 2685 tempora
1855 2628 1939 2671 ‘sint

218 2699 264 2740 in
291 2700 562 2755 proportione
591 2700 878 2757 sesquiplicata
900 2701 1186 2743 distantiarum
1206 2717 1232 2742 a
1254 2701 1363 2752 Sole,
1395 2710 1582 2756 tempora
1599 2700 1812 2756 periodica
1838 2713 1936 2757 par-

220 2770 325 2811 tium
363 2771 529 2813 vorticis
563 2772 763 2814 deberent
801 2787 890 2814 esse
928 2773 972 2814 in
1007 2772 1295 2829 sesquiplicata
1327 2773 1616 2814 distantiarum
1649 2772 1934 2828 proportione.

223 2841 286 2883 Ut
305 2842 480 2883 vortices
500 2843 681 2884 minores
701 2843 858 2885 circum
876 2844 1115 2895 Saturnum,
1133 2844 1280 2886 Jovem
1300 2851 1342 2885 et
1360 2843 1461 2885 alios
1480 2843 1666 2898 planetas
1685 2843 1821 2901 gyrati
1835 2857 1935 2886 con-

223 2920 436 2954 serventur
457 2919 498 2954 et
516 2912 736 2969 tranquille
756 2921 899 2954 natent
927 2913 971 2954 in
990 2914 1146 2955 vortice
1169 2912 1290 2964 Solis,
1319 2921 1506 2968 tempora
1525 2912 1736 2968 periodica
1754 2913 1936 2969 partium

229 2981 395 3023 vorticis
416 2982 559 3024 solaris
579 2982 779 3025 deberent
797 2998 886 3025 esse
907 2984 1094 3040 aequalia.
1157 2983 1453 3043 Revolutiones
1475 2983 1583 3026 Solis
1602 2991 1644 3027 et
1671 2984 1935 3040 planetarum

243 3141 256 3166 t
268 3092 296 3135 (f
304 3093 328 3167 )t
347 3095 374 3167 ‘l
398 3095 593 3167 Hyssqtblwieis·
607 3097 766 3177 qorticum.
815 3095 926 3138 (Prop.
952 3095 1036 3127 LII.
1055 3095 1126 3127 Lib.
1146 3095 1197 3127 II.
1214 3105 1286 3127 cum
1302 3095 1426 3127 Coroll.
1452 3095 1556 3128 Schol.
1580 3095 1673 3138 Prop.
1693 3096 1770 3128 XL·
1791 3096 1864 3129 Lib.
1883 3095 1935 3128 11.

225 3146 242 3167 e
274 3146 338 3167 no.
380 3140 429 3168 75.
480 3147 519 3168 1.
550 3148 636 3178 κῃ..

1527 3175 1552 3183 >-
