2072 3522
162 252 312 296 Lumn
332 254 572 308 Tannus]
605 256 927 300 PRINCIPIA
959 259 1455 304 MATHEMATICA.
1796 268 1888 309 123²

159 376 288 411 untur
318 369 380 424 (id
408 376 470 412 est
495 370 602 413 vires
634 378 660 414 3
682 372 704 414 I
727 372 768 415 T
794 373 840 414 in
868 373 940 430 fig.
961 387 1003 427 p.
1025 377 1094 415 22.
1115 381 1158 415 et
1177 375 1268 428 24.)
1296 383 1394 417 sunt
1412 375 1455 416 in
1476 375 1648 433 singulis
1667 378 1879 432 particulis

158 450 206 482 ut
225 442 429 485 distantiae
447 444 746 499 particularum
764 460 790 486 a
807 446 935 501 plano
958 447 1002 496 Q
1023 447 1076 497 R,
1108 455 1150 489 et
1175 447 1240 489 his
1260 448 1416 490 viribus
1444 449 1659 504 particulae
1687 450 1770 492 illae
1788 453 1879 507 pla-

92 545 95 547 -
157 528 258 555 num
269 514 434 572 fugiunt
444 532 455 566 3
477 524 518 558 et
536 525 757 573 propterea
777 521 869 574 (per
891 519 1010 562 Lem.
1028 520 1107 574 II.)
1125 521 1159 562 si
1179 522 1352 564 materia
1366 522 1510 564 annuli
1528 537 1604 578 per
1620 532 1749 566 totam
1761 526 1877 583 globi

158 589 422 644 superficiem
461 591 505 632 in
539 606 699 633 morem
737 593 886 649 figurae

158 661 197 704 P
211 678 236 703 a
249 677 279 717 p
296 663 342 723 ΑΔ
356 664 392 705 P
407 679 430 705 e
449 679 478 719 p
495 664 534 706 E
554 665 608 706 ad
628 666 885 720 superiorem

155 732 269 774 illam
287 733 434 775 Terrae
452 742 614 790 partem
634 737 887 779 constituen-

155 802 253 845 dam
270 813 547 861 spargeretur,
570 806 631 848 vis
647 814 689 848 et
703 807 885 848 efficacia

155 883 244 918 tota
276 877 574 931 particularum
609 879 794 920 omnium
830 879 884 920 ad

156 947 335 990 Terram
375 949 484 991 circa
517 950 704 1006 quamvis
744 954 883 1007 aequ'a-

155 1019 256 1060 toris
284 1019 533 1061 diametrum
558 1021 791 1072 rotandam‚
822 1029 884 1062 at-

155 1106 237 1146 que
250 1089 366 1133 xideo
397 1092 453 1133 ad
485 1092 690 1133 movenda
729 1101 886 1148 puncta

153 1161 473 1218 aequinoctialia,
515 1162 710 1205 evaderet
747 1164 884 1206 minor

152 1231 276 1290 quam
303 1233 420 1288 prius
449 1233 494 1274 in
523 1234 686 1276 ratione
707 1240 733 1275 2
764 1235 817 1276 ad
842 1241 882 1278 5.

152 1302 339 1362 Ideoque
359 1319 521 1346 annuus
537 1306 883 1362 aequinoctiorum

149 1393 362 1435 regressus
377 1379 466 1434 jam
485 1386 594 1420 esset
607 1378 662 1419 ad
681 1383 782 1421 20⁸2
802 1379 880 1420 11'.

150 1451 245 1491 46‘'.
266 1458 314 1491 ut
343 1455 396 1491 10
417 1449 472 1490 ad
503 1454 674 1494 73092:
705 1464 754 1491 ac
782 1463 881 1505 pro-

150 1521 248 1562 inde
269 1521 389 1563 fieret
408 1522 474 1563 9'‘.
497 1522 603 1563 56'‘'.
627 1519 722 1563 501'.

209 1594 422 1635 Caeterum
456 1594 526 1635 hic
558 1603 697 1636 motus
739 1595 791 1650 (¹¹)
828 1596 882 1637 ob

148 1664 458 1714 inclinationem
478 1666 701 1722 aequatoris
721 1666 776 1708 ad
797 1667 972 1722 planum
991 1668 1196 1724 eclipticae
1216 1667 1478 1718 minuendus,
1511 1668 1637 1724 idque
1657 1668 1700 1708 in
1720 1667 1880 1710 ratione

148 1736 261 1779 simis
282 1743 423 1783 91706
441 1740 532 1796 (qui
551 1740 665 1781 sinus
687 1747 750 1782 est
769 1741 1062 1796 complementi
1082 1741 1289 1799 graduum
1305 1743 1402 1793 235.
1443 1740 1497 1781 ad
1517 1741 1680 1782 radium
1695 1746 1878 1783 100000.

151 1811 248 1862 Qua
278 1814 440 1856 ratione
458 1823 597 1857 motus
623 1816 702 1858 iste
726 1817 815 1872 jam
834 1816 907 1858 fiet
927 1817 993 1858 9''.
1017 1816 1095 1860 7'''.
1117 1814 1214 1857 205'.
1276 1814 1388 1856 Haec
1409 1822 1471 1856 est
1490 1829 1629 1856 annua
1658 1814 1880 1869 praecessio

148 1884 492 1940 aequinoctiorum
512 1901 538 1927 a
556 1886 598 1927 vi
620 1886 729 1928 Solis
750 1886 940 1928 oriunda.
1480 1923 1493 1935 .
1735 1877 1739 1883 “

207 1954 284 1995 Vis
305 1963 444 1997 autem
466 1956 602 1997 Lunae
622 1957 676 1998 ad
695 1972 811 1998 mare
829 1956 1083 1998 movendum
1104 1964 1193 1998 erat
1211 1956 1267 1997 ad
1286 1957 1370 1997 vim
1393 1956 1514 2013 Solis,
1538 1963 1586 1997 ut
1606 1961 1761 1997 4.4815
1778 1954 1831 1995 ad
1851 1960 1870 1995 1

149 2025 326 2067 circiter.
388 2026 439 2081 (⁰)
462 2026 520 2068 Et
540 2027 600 2068 vis
621 2027 757 2069 Lunae
778 2028 832 2069 ad
852 2028 1101 2084 aequinoctia
1119 2028 1327 2069 movenda
1346 2035 1410 2069 est
1429 2027 1483 2068 ad
1503 2027 1592 2069 vim-
1619 2026 1726 2069 Solis
1746 2026 1790 2066 in
1810 2025 1880 2067 efi-

150 2095 247 2137 dem
276 2097 562 2152 proportione.
622 2098 811 2155 Indeque
839 2099 982 2154 prodit
1010 2114 1148 2140 annua
1176 2099 1522 2155 aequinoctiorum
1551 2098 1772 2153 praecessio
1794 2113 1820 2137 a
1838 2095 1879 2137 vi

150 2166 286 2208 Lunae
306 2168 484 2209 oriunda
503 2169 599 2210 40⁰.
618 2170 727 2211 52‘''.
746 2168 840 2211 521'.
856 2184 904 2211 ac
924 2177 1011 2211 tota
1029 2170 1251 2225 praecessio
1271 2184 1411 2211 annua
1431 2185 1456 2210 a
1475 2170 1517 2210 vi
1537 2168 1713 2224 utraque
1736 2168 1878 2209 oriun-

148 2239 203 2281 da
222 2241 316 2282 5o“.
337 2241 446 2282 OO'''.
470 2239 565 2282 121'.
625 2241 684 2283 Et
702 2241 772 2283 hic
791 2250 929 2284 motus
951 2258 1043 2284 cum
1063 2242 1351 2301 phaenomenis
1371 2243 1576 2299 congruit.
1639 2242 1748 2282 Nam
1767 2255 1878 2296 prae-

148 2314 280 2354 cessio
299 2314 643 2370 aequinoctiorum
663 2330 717 2356 ex
737 2315 1092 2357 observationibus
1115 2314 1401 2357 astronomicis
1422 2322 1485 2356 est
1504 2314 1719 2356 annuatim
1738 2313 1877 2355 minu-

149 2394 289 2428 torum
310 2387 590 2429 secundorum
609 2388 706 2443 plus
725 2389 863 2430 minus
884 2388 1193 2445 quinquaginta.

207 2457 258 2512 (P)
284 2457 329 2499 Si
359 2456 534 2499 altitudo
565 2458 712 2500 Terrae
733 2459 786 2500 ad
807 2467 1059 2515 aequatorem
1080 2465 1247 2513 superet
1267 2457 1527 2499 altitudinem
1548 2458 1634 2512 ejus
1658 2457 1712 2498 ad
1738 2457 1872 2512 polos,

147 2529 391 2572 milliaribus
411 2530 602 2585 pluribus
618 2530 743 2588 quam
767 2538 784 2573 1
795 2534 860 2586 73,
882 2533 1056 2574 materia
1076 2533 1163 2587 ejus
1184 2531 1317 2573 rarior
1330 2530 1409 2572 erit
1427 2530 1481 2571 ad
1499 2530 1874 2572 circumferentiam

148 2601 272 2658 quam
309 2604 363 2645 ad
397 2611 608 2646 centrum:
656 2612 698 2646 et
735 2605 956 2660 praecessio
991 2605 1337 2661 aequinoctiorum
1370 2603 1424 2644 ob
1457 2602 1720 2644 altitudinem
1758 2602 1872 2643 illam

147 2673 304 2730 augeri,
326 2674 381 2715 ob
401 2675 613 2716 raritatem
633 2675 808 2716 diminui
829 2676 963 2717 debet.

191 2786 239 2827 (¹²)
264 2788 282 2806 ²*
307 2788 350 2818 ob
363 2788 603 2820 inclinationem.
654 2787 717 2820 Pro
731 2789 842 2829 majori
856 2789 905 2818 vel
919 2788 979 2819 mi-

146 2829 216 2859 nori
225 2828 422 2859 inclinatione
431 2829 516 2868 plani
525 2832 688 2871 aequatoris
697 2831 735 2861 ad
745 2832 876 2870 planum
885 2831 980 2870 eclip-

146 2871 216 2901 ticae
230 2871 383 2901 minorem
397 2882 463 2902 esse
474 2873 524 2903 vel
537 2874 686 2914 majorem
697 2884 872 2915 regressum
883 2874 980 2914 aequi-

146 2913 321 2944 noctiorum
336 2919 420 2952 patet
433 2924 471 2945 ex
487 2921 552 2946 not.
573 2919 642 2947 101.
663 2916 735 2947 Lib.
754 2917 857 2957 hujus.
894 2916 982 2947 Illud

147 2962 252 2986 autem
268 2955 501 2987 decrementum
515 2958 681 2996 obtinetur,
697 2959 723 2988 si
738 2959 898 2989 minuatur
912 2969 982 2988 mo-

147 3004 198 3028 tus
213 2999 246 3028 in
260 2999 378 3029 ratione
393 2998 480 3028 sinus
491 3001 709 3040 complementi
721 3001 931 3032 inclinationis
942 3000 982 3031 ad

146 3041 279 3072 radium.
329 3041 390 3071 Sed
414 3042 544 3080 planum
569 3044 733 3084 aequawris
755 3044 920 3074 inclinatur
942 3043 983 3073 ad

146 3083 276 3122 planum
300 3083 450 3123 eclipticae
471 3084 618 3124 gradibus
643 3086 707 3127 25¹2*
733 3086 863 3123 circiter,
886 3084 982 3127 quare

147 3124 220 3156 cum
242 3132 346 3157 motus
360 3127 616 3167 aequinoctiorum
631 3128 666 3159 fit
682 3129 886 3166 tardissimus,
909 3128 983 3159 satis

190 3184 271 3214 Vox„
293 3184 362 3215 111.
383 3185 471 3215 Pius
487 3185 537 3216 11.

1034 2794 1175 2819 accurate
1198 2788 1352 2819 minuitur
1373 2792 1478 2817 motus
1502 2786 1556 2817 ille
1580 2786 1615 2816 in
1637 2786 1756 2817 ratione
1783 2786 1871 2818 sinas

1036 2834 1150 2862 91706.
1168 2831 1222 2872 qui
1236 2831 1323 2860 sinus
1337 2837 1383 2860 est
1397 2829 1617 2868 complementi
1635 2830 1792 2870 graduum
1806 2830 1871 2871 23}

1036 2873 1074 2904 ad
1090 2873 1214 2904 radium
1233 2877 1367 2904 looooo.

1079 2916 1126 2955 (⁰)
1143 2918 1160 2935 ⁴
1179 2918 1224 2947 Et
1238 2918 1282 2947 vis
1296 2918 1409 2948 Lunae.
1458 2915 1548 2956 (Cor.
1567 2918 1615 2945 18.
1636 2918 1685 2946 19.
1705 2915 1780 2946 Lib.
1799 2914 1848 2956 I.)

1081 2959 1126 2999 (Ρ)
1140 2961 1158 2978 ¹*
1170 2960 1204 2990 Si
1216 2956 1346 2990 allitudo
1367 2960 1482 2989 Terroe.
1525 2956 1601 2993 Qua
1612 2957 1696 2988 enim
1711 2957 1803 2990 altior
1812 2958 1870 2988 erit

1036 3001 1164 3032 materia
1184 3001 1224 3032 ad
1245 3007 1442 3042 aequatorem,
1465 2998 1505 3030 εδ
1527 2999 1622 3030 levior
1640 3000 1679 3031 sit
1693 3007 1813 3041 oportet
1833 3007 1871 3032 ut

1036 3044 1196 3074 materiam
1210 3054 1282 3085 quae
1297 3049 1343 3073 est
1350 3052 1455 3073 versus
1467 3041 1555 3081 polos
1569 3042 1601 3072 in
1613 3042 1785 3083 aequilibrio
1799 3053 1870 3083 pos·

1037 3086 1078 3116 sit
1097 3087 1254 3117 sustinere.
1301 3086 1457 3116 Caeterum
1473 3085 1546 3125 quia
1559 3085 1592 3115 in
1607 3086 1704 3116 tribus
1718 3096 1781 3116 non
1797 3086 1871 3116 satis

1037 3128 1200 3159 laudandis
1223 3128 1499 3160 Dissertationibus
1521 3127 1593 3158 Vol.
1614 3127 1686 3159 111.
1705 3128 1869 3170 adjunctis,
