2072 3522
110 284 258 326 Lim-:R
279 283 517 336 Tannus]
579 281 899 325 PRINCIPIA
931 277 1422 324 MATHEMATICA.
1742 284 1823 324 175

111 396 236 455 quam
266 397 380 440 calor
413 411 538 453 quem
569 396 706 439 Terra
731 396 848 438 arida
879 395 1060 451 concipit
1089 395 1143 437 ad
1171 395 1362 437 aestivum
1383 394 1536 445 Solem,
1564 402 1612 436 ut
1630 401 1825 450 expertus

112 486 229 514 sum:
259 479 301 513 et
321 471 434 513 calor
453 470 551 513 ferri
570 470 783 512 candentis
804 469 847 526 (¹)
869 471 923 525 (si
941 469 1052 511 recte
1072 469 1296 526 conjector)
1327 468 1445 525 quasi
1465 469 1589 524 triplo
1610 467 1676 510 vel
1695 467 1827 524 quad-

111 543 235 599 ruplo
266 544 399 598 major
433 542 557 599 quam
586 542 699 583 calor
728 555 847 597 aquae
881 541 1138 591 ebullientis;
1167 540 1345 596 ideoque
1376 539 1502 589 calor,
1539 554 1662 595 quem
1691 538 1829 581 Terra

113 616 230 658 arida
249 616 360 671 apud
381 624 583 657 cometam
612 615 656 656 in
682 615 886 671 perihelio
905 622 1138 657 versantem
1158 629 1211 656 ex
1231 614 1358 655 radiis
1378 613 1581 656 solaribus
1610 612 1829 668 concipere

115 695 266 743 posset,
303 687 420 743 quasi
454 692 568 728 2000
602 686 762 728 vicibus
794 687 925 742 major
957 685 1082 742 quam
1113 686 1225 727 calor
1263 685 1361 727 ferri
1401 684 1626 726 candentis.
1688 682 1828 726 Tanto

114 765 253 800 autem
282 757 420 799 calore
449 772 624 812 vapores
646 765 688 799 et
717 757 1013 808 exhalationes,
1043 757 1259 814 omnisque
1288 756 1459 798 materia
1490 755 1665 797 volatilis
1693 755 1831 796 statim

115 829 307 872 consumi
332 844 382 871 ac
400 828 592 884 dissipari
611 828 860 870 debuissent.

174 905 351 948 Cometa
375 904 502 962 igitur
531 905 575 945 in
600 903 805 959 perihelio
826 917 903 945 suo
923 904 1102 945 calorem
1121 904 1371 945 immensum
1391 901 1443 943 ad
1467 901 1607 944 Solem
1628 900 1832 956 concepit,

115 986 157 1021 et
185 977 364 1020 calorem
394 977 514 1019 illum
540 976 769 1018 diutissime
797 991 1042 1019 conservare
1075 984 1223 1033 potest.
1285 977 1396 1018 Nam
1426 975 1576 1033 globus
1606 975 1704 1018 ferri
1735 990 1834 1017 can-

116 1049 252 1091 dentis
279 1042 456 1106 digitum
484 1050 615 1089 unum
640 1047 762 1098 latus,
789 1048 970 1089 calorem
1000 1062 1120 1090 suum
1149 1062 1316 1089 omnem
1336 1047 1470 1103 spatio
1495 1047 1614 1089 horae
1640 1047 1765 1088 unius
1791 1047 1836 1088 in

118 1124 215 1165 aere
235 1122 466 1163 consistens
494 1121 565 1161 vix
594 1121 811 1162 amitteret.
872 1120 1036 1162 Globus
1056 1129 1195 1162 autem
1213 1121 1346 1177 major
1365 1119 1544 1162 calorem
1564 1119 1717 1161 diutius
1738 1133 1837 1161 con-

117 1202 302 1237 servaret
321 1195 364 1235 in
384 1194 546 1235 ratione
565 1193 768 1244 diametri,
795 1201 1018 1248 propterea
1038 1193 1151 1249 quod
1172 1192 1410 1248 superficies
1441 1191 1512 1248 (ad
1533 1192 1650 1247 cujus
1669 1205 1838 1233 mensu-

115 1283 208 1310 ram
235 1281 312 1324 per
340 1275 578 1310 contactum
598 1267 705 1309 ae'ris
725 1267 943 1309 ambientis
963 1267 1247 1325 refrigeratur)
1277 1268 1322 1308 in
1350 1265 1420 1308 illa
1440 1266 1601 1307 ratione
1620 1266 1757 1307 minor
1776 1273 1840 1308 est

117 1355 197 1398 pro
212 1342 440 1399 quantitate
453 1342 638 1383 materiae
654 1356 740 1383 suae
755 1341 900 1383 calidae
919 1342 1101 1384 inclusae.
1137 1342 1322 1397 Ideoque
1341 1340 1491 1399 globus
1506 1339 1606 1382 ferri
1625 1340 1840 1383 candentis

118 1414 216 1457 huic
236 1416 384 1457 Terrae
402 1416 587 1472 aequalis,
608 1415 654 1456 id
672 1422 745 1465 est,
766 1415 895 1470 pedes
913 1415 1009 1471 plus
1029 1415 1166 1456 minus
1187 1420 1417 1457 40000000
1437 1413 1559 1464 latus,
1577 1412 1724 1455 diebus
1745 1414 1841 1455 toti-

119 1486 230 1538 dem,
265 1494 308 1528 et
341 1487 498 1529 idcirco
533 1487 652 1528 annis
683 1492 839 1538 50000,
871 1487 943 1529 vix
976 1486 1271 1544 refrigesceret.
1334 1486 1532 1541 Suspicor
1559 1493 1698 1527 tamen
1728 1485 1841 1542 quod

119 1559 285 1602 duratio
315 1560 476 1611 caloris,
508 1561 563 1602 ob
592 1574 736 1602 causas
765 1560 951 1610 latentes,
982 1568 1183 1617 augeatur
1212 1559 1256 1599 in
1284 1558 1447 1600 minore
1469 1557 1630 1599 ratione
1650 1556 1774 1614 quam
1795 1573 1844 1600 ea

120 1632 334 1674 diametri:
367 1631 419 1688 (¹)
440 1639 482 1674 et
500 1632 679 1687 optarim
698 1633 900 1674 rationem
919 1646 1059 1674 veram
1077 1647 1154 1688 per
1174 1632 1459 1687 experimenta
1477 1631 1727 1688 investigari.

182 1703 318 1745 Porro
337 1704 568 1745 notandum
588 1713 650 1746 est
668 1705 781 1761 quod
801 1712 961 1746 cometa
975 1718 1116 1746 mense
1132 1700 1373 1754 Decembri,
1387 1703 1460 1745 ubi
1480 1703 1534 1745 ad
1557 1703 1697 1745 Solem
1716 1701 1845 1745 modo

121 1775 360 1826 incaluerat,
382 1775 557 1817 caudam
576 1776 789 1818 emittebat
807 1775 932 1833 longe
951 1775 1151 1831 majorem
1172 1782 1214 1817 et
1233 1773 1558 1830 splendidiorem
1579 1773 1704 1830 quam
1724 1781 1846 1815 antea

65 1840 67 1843 ’
121 1862 262 1889 mense
279 1846 520 1899 Novembri,
535 1848 608 1890 ubi
622 1848 870 1904 perihelium
885 1848 1072 1890 nondum
1088 1848 1291 1906 attigerat.
1329 1847 1385 1889 Et
1400 1846 1686 1889 universaliter
1700 1846 1846 1888 caudae

122 1934 265 1963 omnes
283 1922 478 1964 maximae
497 1929 539 1963 et
557 1922 869 1979 fiilgentissimae
889 1938 913 1963 e
933 1923 1103 1964 cometis
1123 1923 1315 1964 oriuntur
1341 1922 1480 1964 statim
1506 1928 1604 1977 post
1623 1920 1845 1962 transitum

123 2006 270 2034 eorum
289 2007 366 2047 per
384 1992 598 2049 regionem
621 1992 742 2035 Solis.
803 1992 1014 2034 Conducit
1032 1993 1160 2050 igitur
1179 1991 1391 2034 calefactio
1411 2000 1585 2034 cometae
1605 1991 1659 2033 ad
1684 1991 1846 2048 magni-

124 2062 312 2109 tudinem
341 2063 499 2105 caudae.
561 2063 608 2119 (¹)
642 2063 700 2106 Et
726 2062 825 2106 inde
845 2065 1042 2123 colligere
1066 2064 1211 2106 videor
1230 2056 1344 2121 quod
1370 2065 1502 2106 cauda
1521 2064 1626 2106 nihil
1653 2064 1766 2105 aliud
1793 2064 1847 2105 sit

88 2178 92 2182 ,
125 2137 251 2193 quam
270 2151 400 2192 vapor
418 2137 543 2195 longe
563 2138 841 2190 tenuissimus,
872 2154 997 2195 quem
1020 2147 1146 2195 caput
1165 2154 1238 2181 seu
1257 2138 1428 2182 nucleus
1448 2147 1621 2182 cometae
1640 2154 1716 2195 per
1735 2138 1846 2180 calo-

125 2211 216 2250 rem
235 2222 357 2249 suum
376 2208 538 2250 emittit.

185 2276 398 2321 Caeterum
426 2279 479 2320 de
509 2287 763 2321 cometarum
791 2279 932 2322 caudis
960 2279 1114 2335 triplex
1143 2288 1206 2322 est
1234 2281 1401 2336 opini03
1433 2295 1502 2322 eas
1522 2281 1588 2323 vel
1609 2281 1736 2337 jubar
1755 2270 1866 2323 esse'

132 2350 242 2393 Solis
270 2365 359 2406 per·
374 2351 628 2393 translucida
647 2359 901 2394 cometarum
922 2353 1057 2408 capita
1085 2362 1374 2411 propagatum,
1405 2354 1471 2396 vel
1492 2354 1592 2396 oriri
1621 2369 1675 2396 ex
1693 2353 1845 2395 refrac-

132 2423 246 2465 tione
275 2422 379 2464 lucis
408 2423 453 2464 in
481 2437 707 2480 progressu
736 2424 865 2479 ipsius
885 2439 910 2465 a
930 2424 1064 2480 capite
1085 2434 1258 2466 cometae
1287 2425 1331 2466 in
1361 2424 1552 2476 Terram,
1581 2424 1648 2466 vel
1667 2424 1846 2481 denique

171 2523 215 2566 (ί)
230 2526 248 2545 ⁸
265 2527 298 2557 Si
316 2524 397 2557 recte?
410 2525 571 2567 conjector.
619 2525 716 2557 Hane
731 2525 879 2557 Newtoni
893 2535 967 2557 con-
1009 2525 1126 2557 diutius
1147 2526 1281 2557 calorem
1302 2525 1336 2556 in
1357 2524 1537 2564 corporibus
1557 2525 1680 2556 retineri
1694 2535 1758 2567 quo
1778 2535 1846 2556 ma.-

126 2566 279 2607 jectan-am
295 2568 505 2607 experimenta
518 2567 712 2599 confirmant.
746 2568 788 2599 In
805 2569 964 2599 Transact.
1005 2568 1076 2609 jora
1099 2574 1183 2606 sunt,
1208 2568 1327 2599 caeteris
1351 2569 1486 2607 paribus.
1535 2568 1568 2599 Si
1592 2573 1697 2598 autem
1719 2577 1847 2607 corpora

133 2609 311 2649 philosoph.
329 2620 418 2641 num.
437 2613 510 2642 270.
528 2610 713 2642 describitur
732 2610 840 2642 tabula
859 2610 969 2642 caloris
1010 2611 1150 2652 ejusdem
1175 2611 1317 2642 diametri
1367 2610 1548 2651 ‘usdemque
1572 2611 1691 2648 caloris
1720 2610 1847 2641 diversae

128 2651 244 2691 gradus
253 2652 410 2684 exhibens.
444 2653 572 2694 (Hujus
582 2652 696 2684 tabulae
707 2653 968 2685 constructionem
1010 2654 1073 2684 sint
1086 2653 1251 2690 densitatis,
1267 2664 1338 2695 quae
1374 2654 1493 2684 ensiora
1506 2658 1589 2690 sunt,
1605 2654 1715 2684 caloris
1724 2663 1848 2694 quoque

123 2693 193 2734 jam
206 2694 406 2733 exposuimus
419 2695 453 2726 in
467 2702 532 2726 not.
551 2695 591 2726 ad
609 2696 680 2727 Cor.
696 2700 727 2727 4.
748 2696 844 2736 Prop.
859 2696 966 2727 VIII.
1010 2702 1085 2727 sunt
1107 2697 1284 2735 tenacium3
1316 2696 1451 2728 densim
1475 2696 1559 2727 eni-m
1588 2696 1694 2737 ignem
1717 2695 1847 2733 coercet,

131 2736 202 2768 Lib.
228 2736 319 2777 111.)
364 2737 417 2768 Ex
438 2738 542 2769 relatis
562 2739 602 2769 ab
622 2743 729 2769 autore
750 2738 969 2778 experimentis
1009 2738 1156 2780 illiusque
1177 2749 1334 2781 egressum
1354 2749 1392 2770 ex
1413 2738 1531 2769 intimis
1551 2739 1689 2778 partibus
1702 2738 1845 2769 retardat.

129 2778 288 2819 colligitur
307 2779 441 2810 calorem
461 2781 544 2819 ferri,
567 2787 722 2821 quantum
743 2781 865 2811 levioris
885 2781 969 2822 ignis
1014 2781 1101 2817 Quia
1122 2781 1195 2813 vero
1216 2782 1334 2812 intimae
1359 2791 1524 2821 corporum
1547 2787 1649 2820 partes
1677 2780 1850 2812 innumeris

131 2820 250 2851 auxilio
263 2821 330 2852 fieri
352 2823 463 2860 potuit,
485 2823 666 2860 candefixcfi,
683 2823 803 2854 circiter
816 2823 912 2854 fuisse
927 2824 969 2866 2⁴}
1010 2824 1112 2854 modis
1130 2825 1239 2855 variari
1253 2831 1349 2877 atque
1366 2824 1446 2855 inter
1459 2835 1492 2855 se
1513 2824 1688 2864 permisceri
1708 2830 1848 2863 possunt,

129 2863 281 2912 majorem
302 2862 398 2904 quam
423 2865 506 2896 calor
529 2877 619 2907 aquae
644 2866 830 2897 ebullientis.
879 2866 969 2897 Hinc
1009 2866 1083 2897 hinc
1097 2873 1181 2906 patet
1194 2867 1228 2898 in
1243 2868 1310 2908 ipsa
1324 2867 1433 2898 caloris
1447 2866 1676 2898 conservatione
1690 2876 1755 2897 non
1769 2867 1851 2897 leves

129 2906 213 2950 ignis
228 2906 464 2937 vehementioris
472 2918 532 2948 ope
540 2915 632 2940 aucto
641 2909 741 2940 calore
752 2909 825 2939 ferri
836 2909 973 2940 canden-
1015 2909 1174 2941 vanetatoe
1187 2910 1261 2942 oriri
1275 2921 1372 2949 posse.
1413 2910 1479 2941 Hae
1493 2917 1567 2942 sunt
1580 2909 1708 2940 fomsse
1720 2908 1852 2940 latentes

130 2948 180 2985 tis,
205 2947 289 2979 recte
310 2948 500 2989 conjectatur
526 2951 700 2982 Newtonus
720 2952 854 2983 calorem
878 2952 974 2992 hujus
1016 2961 1118 2982 causae
1138 2963 1209 2993 quie
1232 2954 1422 2984 Newtonum
1442 2953 1475 2982 in
1490 2962 1558 2983 eam
1574 2952 1780 2992 suspicionem
1801 2954 1851 2982 in·

130 2990 206 3020 ferri
230 2991 319 3031 quasi
343 2991 436 3030 triplo
460 2992 509 3023 vel
530 2993 709 3045 ‘quadruplo
729 2995 881 3035 majorem
906 2994 974 3025 fieri
1015 2993 1182 3044 duxerunt,
1209 2996 1416 3047 durationem*
1424 2995 1540 3026 scilicet
1560 2994 1670 3044 caloris
1689 2995 1797 3037 augeri
1818 2995 1852 3025 in

131 3031 227 3116 ¹³¹³}ss
241 3033 331 3107 ‘5⁸¹3
339 3035 658 3116 ffiffrssssfflstaffim
683 3090 795 3111 mm.
845 3079 970 3111 ems.
1014 3039 1584 3121 ''¹¹33‘2‘2‘2032133315112225ffi‘ssff
1610 3080 1707 3112 Hauc
1728 3086 1852 3111 semen-

134 3116 340 3166 lffermannus
364 3120 543 3150 Boerhaave
568 3120 603 3150 in
626 3122 801 3152 Elementis
823 3122 972 3159 Chemiae,
1016 3121 1093 3152 tiam
1121 3122 1263 3162 pluribus
1295 3124 1487 3167 argumentis
1515 3122 1659 3165 deinceps
1691 3124 1854 3155 confimat

132 3158 374 3201 diligentissimis
388 3162 605 3202 experimentis
619 3175 652 3195 se
666 3164 818 3196 invenisse
833 3165 926 3196 refert
937 3163 975 3196 οό
1019 3164 1204 3198 Newtonus.
1218 3171 1223 3178 “

956 3220 1037 3252 Μ3
