2072 3522
224 272 278 309 36
624 264 1077 309 PHILOSOPHIAE
1109 264 1470 308 NATURALIS
1500 265 1781 319 [Dthmn.
1805 266 1927 310 SYST.

226 388 307 425 100
341 380 394 422 ad
429 383 566 425 11073
598 395 722 437 quam
741 381 946 437 proxime.
1006 382 1055 436 (θ)
1087 381 1414 423 Decrementum
1447 390 1586 424 autem
1619 383 1664 424 in
1697 382 1798 424 locis
1817 381 1926 424 inter

221 463 404 497 octantes
425 462 467 496 et
485 455 684 512 syzygias,
702 463 744 497 et
757 455 1057 497 incrementum
1076 455 1120 495 in
1138 454 1240 496 locis
1255 455 1364 496 inter
1379 461 1563 496 octantes
1579 462 1621 496 et
1636 454 1922 511 quadraturas,

221 534 285 571 est
317 542 441 584 quam
459 527 649 583 proxime
668 528 723 570 ad
741 527 823 570 hoc
840 528 1177 577 decrementum,
1208 534 1255 568 ut
1285 534 1420 568 motus
1441 534 1551 568 totus
1578 527 1620 568 in
1650 527 1752 575 locis
1772 526 1852 567 illis
1870 525 1925 568 ad

219 610 380 642 motum
399 609 531 643 totum
561 602 604 642 in
633 602 822 659 syzygiis,
855 610 897 643 et
925 600 1157 643 differentia
1175 599 1282 641 inter
1302 599 1551 656 quadratum
1581 598 1694 641 sinus
1715 599 1924 641 distantiae

221 671 356 713 Lunae
375 687 401 713 a
419 672 670 728 quadratura
691 681 732 714 et
751 673 960 714 semissem
977 671 1166 728 quadrati
1185 670 1290 712 radii
1308 670 1363 712 ad
1382 670 1591 712 semissem
1607 669 1797 726 quadrati
1815 670 1921 712 radii

220 746 482 802 conjunctim.

261 880 308 922 (ε)
336 882 353 901 ““
378 882 618 913 Decrementum
632 882 712 912 inter
725 886 855 912 aetantes
869 886 898 911 et
912 880 1049 920 syzygias

215 929 243 954 et
265 925 489 955 incrementum
503 926 583 955 incer
598 930 728 954 vetantes
741 929 769 954 et
784 925 986 963 quadraturas
1006 927 1049 952 est

216 977 310 1005 quam
323 965 464 1006 proxime,
480 967 536 996 διε.
572 965 751 1004 Resumptis
765 965 802 994 iis
815 975 886 1004 quae
900 965 931 994 in
951 964 1044 1003 Prop.

218 1007 353 1038 XXVI.
373 1014 436 1038 not.
459 1012 526 1039 112.
541 1014 614 1038 sunt
629 1007 719 1044 dicta,
735 1007 874 1048 designet
892 1008 918 1039 C
938 1007 964 1036 P
986 1006 1047 1036 dis-

216 1051 344 1081 tantiam
359 1051 459 1081 Lunae
473 1061 493 1081 a
506 1049 700 1091 quadraturis,
716 1049 798 1081 linea
813 1050 831 1080 1
846 1050 884 1081 M
899 1049 1049 1090 exprimet

1038 1519 1066 1526 ..-

211 1942 278 1983 ejus
301 1941 496 1973 velocitatem
521 1944 551 1970 et
578 1939 596 1970 1
621 1939 653 1969 V
676 1939 827 1979 exprimet
850 1939 1041 1970 velocitatem

212 1985 408 2021 mediocrem,
452 1981 565 2013 idcirc&
607 1988 730 2021 tempus
766 1992 828 2022 quo
864 1981 1044 2012 describitur

211 2037 300 2058 arcus
327 2027 356 2057 P
380 2027 418 2057 M
439 2024 498 2055 hac
523 2024 682 2055 velocitate
709 2024 726 2054 1
754 2025 803 2061 M,
831 2030 877 2054 est
901 2024 941 2054 ad
963 2031 1042 2054 tem-

211 2079 269 2108 pus
291 2079 353 2110 quo
374 2068 533 2099 velocitate
554 2067 701 2097 mediocri
725 2067 743 2097 1
760 2067 791 2097 V
813 2066 1043 2104 describeretur,

211 2117 247 2142 ut
263 2111 278 2141 1
298 2111 329 2142 V
352 2110 392 2142 ad
414 2110 433 2141 1
451 2111 498 2146 M,
521 2108 654 2149 ide6que
668 2115 771 2140 motus
785 2109 938 2139 nodorum
953 2119 1044 2140 verus

210 2153 290 2184 foret
314 2152 354 2183 ad
379 2162 486 2183 eorum
499 2159 621 2182 motum
646 2151 671 2181 si
699 2151 793 2182 Luna
816 2150 962 2181 mediocri
987 2151 1042 2181 sus

211 2204 370 2235 velocitate
380 2203 510 2234 ferretur
521 2209 558 2234 ut
566 2193 663 2234 ΠΩ
676 2202 717 2234 ad
730 2195 801 2233 ΓΜ
810 2193 825 2216 ²
836 2202 898 2232 sive
907 2194 943 2232 ut
955 2202 973 2233 Ι
986 2203 1015 2233 V
1026 2203 1042 2221 ²

210 2248 1042 2295 adW-i--W122utut1v2ad1v2ss21v

215 2310 248 2344 ><
265 2307 296 2336 V
308 2307 344 2336 M
361 2306 403 2348 -Ι-
419 2307 450 2337 V
461 2307 499 2337 M
515 2309 531 2325 ²
546 2314 578 2337 et
591 2305 734 2348 neglecta
747 2307 917 2348 quantitate
924 2300 1018 2339 'il-M
1026 2298 1042 2322 ²

212 2348 374 2388 divisisque
395 2350 533 2379 terminis
547 2359 601 2389 per
625 2350 641 2380 1
660 2349 690 2379 V
705 2356 741 2379 ut
758 2351 774 2380 Ι
793 2350 823 2379 V
837 2350 878 2380 ad
894 2350 911 2380 Ι
930 2350 960 2380 V
974 2351 1014 2389 ss

213 2390 264 2420 2V
273 2391 330 2428 M3
359 2397 391 2421 et
413 2391 629 2429 convertendo,
654 2391 826 2423 differentia
849 2391 953 2422 motfis
978 2392 1042 2422 veri

212 2433 364 2470 nodprum
378 2441 408 2463 et
423 2433 525 2463 motus
540 2434 665 2470 inventi,
687 2441 731 2464 est
745 2433 784 2466 ad
798 2440 919 2465 motum
934 2435 1041 2464 inven-

212 2481 279 2505 tum
294 2481 331 2505 ut
344 2475 376 2514 ss
388 2478 408 2505 2
423 2476 451 2505 V
467 2476 503 2506 M
519 2475 560 2506 ad
577 2477 592 2506 I
606 2477 635 2506 V
650 2476 684 2515 ss
698 2479 718 2507 2
729 2476 759 2507 V
773 2477 820 2513 M,
833 2476 906 2507 hinc
918 2476 971 2506 illa
980 2476 1040 2507 dif-

211 2517 349 2554 ferentia,
359 2518 421 2548 sive
430 2518 654 2548 incrementum
667 2525 720 2549 aut
731 2518 959 2549 decrementum
971 2528 1039 2548 mo-

211 2559 261 2590 tus
274 2559 428 2591 nodorum
443 2567 489 2590 est
503 2571 623 2600 semper
638 2561 755 2602 aequale
776 2561 874 2591 motui
888 2560 1042 2592 nodorum

210 2602 310 2642 qualis
323 2602 466 2633 inventus
480 2603 587 2639 fuerat,
604 2603 698 2634 ducto
711 2603 744 2632 in
760 2607 780 2634 2
798 2603 827 2633 V
844 2603 882 2634 M
899 2610 930 2634 et
944 2603 1042 2634 diviso

210 2654 265 2684 per
287 2645 305 2675 l
325 2645 352 2675 V
367 2645 456 2685 ss2V
473 2646 521 2682 M,
544 2645 679 2687 ide6que
697 2644 770 2676 cum
787 2645 804 2675 1
823 2645 854 2675 V
869 2646 907 2683 ss
919 2650 939 2676 2
955 2646 985 2676 V
1002 2646 1043 2676 M

210 2697 266 2726 pro
291 2687 443 2718 constanti
468 2689 582 2719 assumi
607 2688 703 2728 possit
725 2687 799 2728 quia
822 2691 842 2718 2
860 2688 888 2717 V
915 2688 951 2718 M
977 2687 1042 2720 fere

210 2730 363 2761 evanescit
376 2738 514 2769 respectu
530 2731 709 2770 quantitatis
731 2730 749 2760 Ι
766 2730 807 2767 V,
831 2737 877 2761 est
891 2729 970 2761 illud
991 2731 1041 2760 in-

209 2778 401 2803 crementum
412 2779 466 2803 aut
480 2773 710 2804 decrementum
724 2778 760 2803 ut
775 2779 877 2803 motus
887 2773 1043 2803 nodorum

209 2814 308 2853 qualis
323 2815 465 2845 inventus
479 2815 580 2846 fuerat
600 2822 632 2846 et
655 2815 684 2846 V
702 2815 740 2846 M
762 2815 952 2856 conjunctim
963 2827 973 2853 3
997 2822 1043 2847 est

179 2888 183 2893 ,
210 2854 282 2886 vero
300 2852 331 2887 V
348 2858 384 2887 M
402 2857 573 2888 differentia
588 2859 667 2888 inter
683 2858 708 2888 Z
721 2858 754 2894 Q
767 2863 797 2888 et
816 2858 842 2888 P
859 2858 908 2895 M,
924 2864 955 2888 et
970 2864 1044 2889 sunt

211 2898 237 2928 Z
257 2899 290 2934 Q
313 2906 344 2929 et
367 2900 405 2930 M
424 2900 452 2930 P
467 2907 502 2930 ut
515 2901 664 2941 quadrata
677 2900 803 2931 sinuum
818 2910 948 2931 arcuum
966 2900 992 2932 C
1011 2901 1045 2937 Q

210 2946 243 2970 et
259 2941 285 2971 C
304 2941 341 2977 P,
358 2952 446 2972 arcus
459 2941 531 2973 vero
559 2943 585 2974 C
604 2943 704 2980 Qest
726 2945 768 2974 45
782 2952 828 2983 gr.
854 2952 891 2972 ex
914 2942 1042 2973 demon·

210 2982 311 3012 stratis
325 2983 364 3013 ad
376 2984 468 3024 Prop.
485 2986 516 3015 X
524 2985 622 3016 Avl.
641 2991 672 3016 et
684 2985 868 3026 quadratum
880 2985 946 3026 ejus
956 2985 1042 3016 sinus

210 3031 256 3055 est
270 3025 401 3056 semissis
411 3027 551 3067 quadrati
566 3027 662 3066 radii3
683 3028 710 3060 C
723 3027 751 3059 P
761 3026 833 3058 vei-6
845 3035 890 3057 est
899 3027 1042 3059 distantia

211 3066 314 3099 Lunae
338 3078 357 3098 a
382 3068 589 3109 quadratur&
619 3079 704 3112 ergo,
734 3069 959 3101 incrementum
987 3076 1041 3102 aut

543 743 587 801 (¹⁹)
620 746 748 789 Unde
768 747 802 788 si
821 746 921 788 nodi
940 746 984 787 in
1004 743 1262 802 quadraturis
1283 750 1508 793 versentur,
1537 750 1580 784 et
1598 742 1812 798 capiantur
1829 742 1923 784 loca

1091 877 1320 908 decrementum
1341 881 1445 906 motus
1458 874 1611 905 nodorum
1627 880 1672 905 est
1693 880 1730 906 ut
1749 880 1853 906 motus
1866 884 1924 906 no-

1091 920 1203 951 dorum
1218 919 1318 960 qualis
1327 918 1472 948 inventus
1486 918 1596 954 fuerat,
1612 924 1644 948 et
1657 917 1830 948 differentia
1843 917 1925 948 inter

1090 962 1274 1003 quadratum
1300 959 1386 992 sinfis
1399 959 1552 990 distantiae
1569 960 1672 990 Luuae
1694 970 1713 990 a
1737 958 1925 1003 quadratura

1090 1011 1121 1035 et
1136 1004 1290 1035 semissem
1305 1003 1446 1044 quadrati
1461 1001 1538 1032 radii
1553 1001 1762 1042 conjunctim:
1787 1002 1822 1032 in
1835 1012 1924 1043 syzy-

1089 1047 1149 1089 giis
1163 1046 1348 1089 quadratum
1370 1045 1456 1076 sinus
1476 1044 1628 1076 distantiae
1643 1044 1746 1076 Lunae
1760 1054 1780 1075 a
1792 1043 1911 1095 quad„

1086 1945 1156 1971 tura
1170 1947 1216 1971 est
1229 1940 1331 1981 ipsum
1345 1941 1531 1982 quadratum
1545 1942 1633 1980 radii,
1650 1942 1735 1973 unde
1749 1942 1922 1974 differentia

1086 1983 1227 2023 quadrati
1252 1985 1337 2014 sinus
1360 1984 1513 2015 distantiae
1529 1984 1632 2015 Lunae
1645 1996 1665 2015 a
1678 1985 1866 2025 quadratura
1890 1990 1921 2016 et

1086 2026 1219 2055 semissis
1245 2026 1386 2066 quadrati
1414 2027 1500 2063 radii,
1532 2033 1577 2057 est
1605 2027 1638 2057 in
1666 2028 1725 2058 hoc
1754 2038 1827 2058 casu
1856 2028 1922 2067 ipse

1087 2068 1219 2098 semissis
1239 2068 1380 2108 quadrati
1403 2069 1491 2105 radii,
1514 2069 1588 2100 hinc
1609 2069 1667 2110 erit
1687 2069 1920 2101 decrementum

1087 2117 1141 2140 aut
1154 2108 1381 2141 incrementum
1395 2118 1499 2142 motus
1513 2111 1667 2142 nodorum
1681 2111 1714 2141 in
1729 2108 1798 2143 loco
1811 2112 1921 2153 quovis

1087 2152 1127 2183 ad
1148 2153 1377 2183 decrementum
1393 2154 1460 2194 ejus
1473 2159 1578 2184 motus
1591 2154 1625 2184 in
1640 2155 1771 2194 syzygiis
1791 2160 1827 2185 ut
1847 2160 1921 2186 sunt

1085 2201 1190 2225 motus
1210 2195 1365 2226 nodorum
1379 2196 1416 2226 iis
1431 2196 1464 2226 in
1478 2196 1554 2226 locis
1567 2196 1607 2227 ad
1621 2203 1742 2227 motum
1758 2195 1918 2228 'nodorum

1084 2236 1117 2267 in
1130 2238 1260 2278 syzygiis
1273 2237 1393 2278 (quales
1401 2239 1475 2269 citra
1486 2239 1566 2269 banc
1575 2238 1793 2269 correctionem
1802 2238 1919 2270 inventi

1084 2279 1232 2319 fuerant‚)
1255 2285 1286 2310 et
1300 2286 1337 2311 ut
1350 2280 1530 2311 differentiae
1550 2281 1771 2320 quadratorum
1791 2280 1918 2312 sinuum

1085 2321 1236 2352 distantiae
1249 2322 1351 2352 Lunae
1365 2333 1384 2353 a
1397 2321 1588 2371 quadratura
1596 2329 1626 2352 et
1635 2322 1769 2354 semissis
1778 2323 1919 2363 quadrati

1084 2364 1161 2394 radii
1182 2363 1221 2394 ad
1243 2374 1317 2394 eum
1338 2374 1493 2395 semissem
1509 2364 1650 2406 quadrati
1670 2364 1749 2396 radii
1769 2366 1920 2408 conjunc*

1084 2406 1149 2436 tim.
1195 2407 1235 2443 Q,
1254 2416 1281 2436 e.
1299 2416 1329 2437 o.
1815 2411 1818 2416 '

1128 2447 1169 2489 (f)
1198 2450 1214 2468 *
1239 2450 1328 2480 Unde
1350 2450 1377 2480 si
1398 2451 1479 2486 nodi,
1506 2450 1561 2480 &a
1612 2449 1783 2481 versentur
1795 2449 1869 2481 nodi
1883 2449 1918 2481 in

1083 2490 1286 2530 quadraturis,
1312 2492 1472 2531 capiantur
1486 2492 1553 2523 loca
1580 2491 1608 2523 F
1632 2498 1664 2523 et
1689 2492 1720 2524 E
1743 2493 1918 2524 abocnnu

1086 3032 1125 3064 M
1146 3033 1306 3064 hincinde
1321 3033 1479 3075 aequaiiter
1493 3034 1643 3072 distantia,
1667 3042 1700 3068 et
1719 3035 1781 3067 ali·
1793 3034 1858 3067 duo
1880 3035 1915 3068 D

1085 3081 1116 3106 et
1145 3076 1174 3106 G
1199 3086 1218 3106 a
1242 3074 1365 3117 syzygia
1393 3077 1423 3107 A
1451 3082 1482 3108 et
1506 3077 1693 3119 quadratum
1716 3078 1749 3110 N
1769 3077 1917 3111 distanti·
1979 3095 1982 3099 ⁴
