2072 3522
171 285 320 327 me
333 282 573 336 umus]
608 279 931 325 PRINCIPIA
961 278 1458 323 MATHEMATICA,
1799 284 1880 328 127
1919 252 1921 255 ’

170 398 237 440 vel
255 397 517 439 decremento
535 396 752 448 nonnullo,
774 395 886 452 quod
905 411 932 438 a
949 402 1123 438 cometae
1139 402 1258 438 motu
1277 395 1517 453 inaequabili
1532 397 1576 438 in
1588 397 1690 439 orbe
1708 400 1883 454 proprio

170 471 270 513 oriri
287 470 431 526 possit.
489 470 700 511 Distantia
718 467 819 511 vero
839 476 1011 511 cometae
1030 482 1087 511 ex
1105 468 1186 511 hz'ic
1203 466 1408 525 parallaxi
1427 469 1488 510 sic
1508 470 1731 527 colligitur.
1790 472 1882 514 De-

171 543 307 601 signet
327 545 358 586 S
381 543 534 595 Solem,
565 558 591 584 a
609 557 633 584 c
652 542 695 584 T
722 541 867 583 orbem
894 556 1105 598 magnum,
1136 556 1163 583 a
1190 541 1329 594 loqum
1349 541 1496 582 Terrae
1525 541 1568 582 in
1596 542 1884 586 observatione

167 613 316 671 prima,
339 630 363 656 c
380 614 520 657 locum
540 614 687 656 Terrae
706 613 750 655 in
770 613 1058 656 observatione
1077 603 1214 666 tertifi,
1233 613 1276 656 Τ
1296 613 1437 657 locum
1456 613 1605 657 Terrae
1623 615 1669 659 in
1688 616 1883 660 observa-

169 688 283 731 tione
302 687 460 739 ultimfi,
490 696 532 731 et
551 688 594 730 T
612 695 654 726 ‘V'
676 687 828 730 lineam
846 695 1003 729 rectam
1021 701 1166 729 versus

165 759 420 815 principium
439 759 593 801 Arietis
621 759 801 802 ductam.
864 759 1062 800 Sumatur
1090 773 1163 800 an-
1219 763 1258 799 V

168 833 291 890 gulus
311 840 352 871 ‘V’
375 832 418 875 T
437 833 479 875 V
498 833 666 890 aequalis
694 833 851 890 angulo
872 840 914 870 ‘v'
939 832 983 882 Q
1005 831 1054 883 F,
1083 831 1166 873 hoc

169 911 244 955 est,
274 904 444 961 aequalis
473 904 723 962 longitudini
742 908 914 946 c'ometae
933 903 1008 945 ubi
1028 903 1163 944 Terra

168 985 356 1019 versatur
373 978 418 1019 in
439 977 494 1019 T.
551 978 760 1035 Jungatur
778 992 805 1018 a
824 992 860 1027 c,
892 984 934 1019 et
954 976 1162 1032 produca-

168 1055 297 1089 turea
316 1047 369 1089 ad
388 1063 431 1105 g,
451 1056 499 1089 ut
514 1047 901 1105 sitagadacutA
917 1046 1030 1089 Gad
1046 1046 1088 1088 A
1105 1046 1156 1096 C,

168 1130 211 1164 et
229 1109 307 1165 erit
325 1138 355 1180 g
372 1123 489 1165 locus
508 1138 633 1180 quem
653 1123 789 1165 Terra
807 1131 996 1179 tempore
1015 1122 1159 1164 obser-

167 1195 342 1237 vationis
362 1196 532 1246 ultimae,
564 1204 680 1238 motu
710 1196 754 1237 in
773 1195 887 1238 rectfi
907 1211 933 1238 a
952 1210 977 1237 c
998 1194 1157 1237 unifor-

166 1266 289 1308 miter
323 1267 574 1318 continuato,
612 1267 846 1326 attingeret.
907 1267 1095 1323 Ide6que
1122 1267 1158 1307 si

166 1338 343 1382 ducatur
367 1356 398 1398 g
416 1348 458 1379 ‘V'
480 1341 560 1396 ipsi
581 1341 622 1383 T
643 1349 684 1380 ‘Y’
706 1340 917 1396 parallela,
948 1349 990 1383 et
1017 1339 1157 1395 capia-

140 1470 142 1472 *
165 1417 235 1452 tur
253 1411 430 1469 angulus
450 1419 491 1450 ‘v‘
513 1412 596 1469 gV
615 1413 768 1469 angulo
787 1420 830 1451 ‘v‘
854 1412 897 1462 Q
912 1412 957 1454 G
975 1410 1157 1467 aequalis,

167 1481 245 1522 erit
263 1481 332 1523 hic
351 1483 527 1540 angulus
548 1490 590 1521 ‘v'
612 1498 642 1540 g
661 1483 703 1524 V
723 1482 892 1539 aequalis
911 1479 1166 1538 longitudini

167 1559 339 1593 cometae
358 1567 382 1594 e
399 1553 493 1594 loco
512 1569 542 1610 g
561 1544 748 1608 speetati3
778 1561 821 1594 et
840 1552 1016 1610 angulus
1037 1551 1079 1592 T
1099 1550 1141 1592 V
1162 1565 1191 1607 g
1206 1545 1436 1604 parallaxis
1462 1544 1555 1594 erit,
1588 1555 1683 1599 quae
1711 1541 1845 1582 oritur
1863 1554 1888 1581 a

167 1624 432 1667 translatione
455 1625 601 1667 Terrae
621 1625 676 1668 de
693 1626 788 1667 loco
807 1640 838 1682 g
856 1626 901 1666 in
918 1624 1058 1666 locum
1078 1622 1147 1664 T:
1173 1635 1223 1662 ac
1242 1617 1420 1675 proinde
1434 1616 1475 1657 V
1490 1615 1609 1656 locus
1621 1614 1702 1655 erit
1712 1619 1886 1654 cometae

167 1696 212 1738 in
230 1695 357 1751 plano
377 1696 591 1752 eclipticae.
635 1697 686 1752 (⁶)
710 1696 801 1739 Hic
819 1702 958 1738 autem
971 1694 1088 1736 locus
1107 1692 1149 1734 V
1172 1690 1275 1734 orbe
1292 1688 1409 1732 Jovis
1429 1684 1600 1728 inferior
1619 1698 1709 1726 esse
1727 1682 1844 1724 solet.

1808 799 1871 868 ΎῘΥ

212 1811 257 1854 (²)
277 1815 346 1843 151.
372 1814 390 1832 ὓ
415 1814 479 1844 Hic
507 1818 611 1844 autem
631 1813 712 1844 Iocus
733 1813 769 1843 V.

172 1854 272 1885 Recta
288 1855 486 1892 Hv,oefemt
493 1854 658 1895 vestigium
667 1865 772 1886 eome-

171 1903 212 1927 tae
223 1897 255 1927 in
267 1897 361 1936 plano
369 1897 527 1937 ecliptioee,
537 1897 661 1938 simque
673 1897 714 1933 V,
728 1898 771 1935 G,

171 1939 214 1977 E,
227 1939 274 1977 H,
282 1946 414 1981 quatuor
422 1946 551 1970 cometae
559 1939 628 1970 loca
636 1940 668 1970 in
679 1939 773 1978 plano

173 1981 322 2021 eclipticae
342 1982 528 2022 praecedenti
555 1982 704 2012 methodo
723 1982 773 2012 in-

170 2031 272 2056 venta.
312 2025 360 2055 Sit
376 2025 408 2062 S,
427 2024 488 2061 Sol,
507 2024 539 2054 A
553 2024 583 2054 B
597 2025 624 2055 C
636 2025 681 2061 D,
690 2025 774 2055 orbis

169 2077 314 2108 magnus„
329 2067 451 2108 sintque
468 2066 509 2103 A,
526 2067 562 2102 B,
581 2067 619 2104 C,
638 2067 679 2102 D.
695 2077 772 2107 qua-

171 2116 244 2141 tuor
259 2109 364 2141 Terrae
378 2110 447 2140 loca
459 2109 500 2140 ad
514 2115 654 2148 tempora
667 2111 772 2140 obser.

173 2152 336 2183 vationum
347 2159 432 2183 nota.
451 2152 492 2182 In
502 2150 658 2192 triangulo
671 2151 771 2189 ASB,

173 2195 290 2226 dantur
303 2194 399 2226 latera
416 2195 438 2225 S
455 2195 498 2231 A,
515 2194 538 2224 S
555 2194 596 2230 B,
618 2193 772 2234 daturque

172 2237 308 2279 angulus
325 2238 356 2268 A
375 2238 398 2268 S
413 2238 454 2274 B,
469 2236 642 2267 differentia
656 2235 774 2267 scilicet

171 2280 311 2311 locorum
338 2280 444 2311 Terrae
467 2289 486 2310 e
513 2278 585 2310 Sole
614 2279 770 2317 visorum3

171 2321 267 2364 quare
294 2322 452 2353 dabuntur
479 2321 590 2362 anguli
620 2321 643 2352 S
673 2321 703 2351 A
728 2321 770 2358 B,

175 2366 198 2396 S
221 2366 247 2396 B
266 2367 307 2401 A,
335 2371 468 2406 notaque
496 2364 555 2395 erit
578 2365 611 2394 in
632 2363 772 2403 panibus

171 2407 406 2439 semi-diametri
439 2407 521 2438 orbis
552 2406 660 2447 magni
687 2412 772 2437 recta

173 2453 203 2481 A
213 2451 255 2488 Β,
264 2450 379 2482 chorda
388 2448 501 2490 nempe
513 2447 628 2479 arcusa
642 2448 772 2480 Tellure

172 2493 295 2524 interitu
305 2492 450 2533 percursi.
498 2490 663 2522 Rursusin
676 2491 772 2522 trian-

172 2535 250 2577 gulo
263 2536 298 2568 K
311 2537 343 2567 A
358 2536 398 2573 13,
410 2535 524 2566 dantur
533 2542 641 2563 omnes
650 2534 770 2575 anguli,

172 2589 246 2609 nam
255 2578 349 2610 datur
358 2577 495 2619 angulus
511 2576 544 2606 K
558 2577 589 2606 A
606 2576 646 2613 B,
662 2576 714 2616 qui
726 2582 772 2607 est

174 2631 298 2652 summa
306 2621 355 2651 vel
368 2619 542 2651 differentia
557 2624 701 2649 notorum
715 2628 772 2648 an-

176 2663 323 2703 gulorum
341 2664 364 2694 S
380 2664 409 2694 B
428 2663 470 2699 A,
489 2662 512 2692 S
529 2661 557 2691 B
573 2661 616 2691 K.
666 2660 774 2697 Quare

175 2705 268 2736 datur
280 2705 358 2736 ratio
368 2706 500 2736 luterum
512 2704 543 2734 A
557 2704 600 2741 K,
616 2703 646 2735 A
664 2703 704 2740 B,
717 2703 773 2734 sed

175 2747 249 2778 data
259 2754 306 2778 est
318 2748 397 2778 ratio
410 2753 563 2779 rectarum
581 2747 603 2777 S
620 2747 662 2783 A,
682 2746 712 2775 A
731 2746 772 2783 B,

175 2789 300 2821 dabitur
313 2790 417 2830 itaque
430 2790 510 2820 ratio
533 2789 556 2820 S
573 2789 604 2819 A
615 2789 656 2820 ad
673 2789 708 2819 K
725 2789 769 2819 A.

176 2834 224 2864 At
235 2832 342 2873 (131.)
357 2839 431 2863 nota
445 2838 491 2863 est
502 2831 582 2862 ratio
596 2831 677 2862 inter
694 2831 728 2862 K
742 2830 773 2862 O

175 2882 208 2907 et
224 2875 258 2906 K
272 2875 318 2912 H,
341 2875 512 2909 innotescet
524 2874 621 2915 igitur
633 2874 711 2905 ratio
725 2873 774 2904 in-

176 2924 222 2949 ter
238 2918 260 2949 S
274 2918 347 2949 Aet
360 2917 395 2948 K
409 2917 668 2957 mquaredatur
680 2917 711 2947 A
726 2916 773 2953 H,

175 2960 321 2991 distantia
341 2965 470 2991 cometae
484 2969 504 2989 a
519 2957 616 2990 Ten-fi
637 2959 670 2989 in
681 2958 775 2998 parti—

174 3003 234 3034 bus
243 3002 478 3035 semi-diametri
489 3002 571 3032 orbis
581 3001 698 3042 magni.
725 3001 776 3031 Si-

171 3046 239 3076 mili
253 3046 344 3086 plane
365 3045 460 3075 modo
480 3043 675 3075 invenientur
695 3044 772 3075 alio-
1526 3071 1528 3073 .

169 3098 241 3119 rum
262 3088 402 3119 locorum
423 3086 575 3118 distantiae
595 3096 614 3117 a
636 3086 734 3117 Terrfi
757 3086 797 3122 E,
824 3085 865 3122 G,
890 3084 931 3122 V,
954 3082 1005 3114 hic
1049 3082 1232 3115 methodum
1254 3081 1434 3122 expositam,
1462 3081 1536 3111 orbe
1563 3080 1653 3113 Jovis
1670 3079 1796 3112 inferior
1817 3089 1882 3111 esse

170 3137 274 3161 autem
310 3131 398 3162 locus
427 3130 468 3166 V,
506 3129 570 3165 ubi,
600 3136 719 3159 cometa
750 3128 845 3159 videri
880 3126 1003 3163 desinit,
1045 3125 1132 3157 solet.
1420 3130 1423 3133 '

171 3182 211 3203 ex
245 3172 326 3204 datis
360 3171 622 3204 observationibus
655 3171 733 3202 inito
768 3176 915 3210 computo
949 3178 1004 3209 per
1075 3166 1077 3169 ’
1094 3171 1167 3212 ᾈ32.
1202 3168 1341 3200 Cometae
1366 3164 1531 3207 vestigium
1559 3165 1592 3196 in
1620 3165 1714 3206 plano
1735 3164 1883 3205 eclipticae

1004 3226 1057 3256 13
