2072 3522
167 213 315 256 Lim-:n
336 214 572 265 TEa-num]
631 213 952 259 PRINCIPIA
983 210 1478 257 MATHEMATICA.
1785 220 1867 258 105

167 336 281 370 recta
299 326 510 382 duplicata
540 327 584 368 in
620 327 700 370 situ
719 327 915 383 parallelo
943 328 997 370 ad
1026 327 1260 369 distantiam
1289 328 1512 383 superioris
1541 328 1724 370 umbilici
1754 330 1867 372 orbis

168 399 303 441 Lunae
323 414 348 439 a
368 397 513 450 Terra,
551 399 759 440 subtendit
778 399 952 440 eundem
975 398 1185 455 angulum,
1221 413 1344 454 quem
1378 399 1519 454 utique
1552 399 1763 441 translatio
1795 400 1868 442 illa

165 476 336 526 generat
365 468 407 508 in
436 476 551 509 motu
571 469 766 519 umbilici,
801 476 841 510 et
869 464 923 510 ad
952 469 1183 510 distantiam
1206 469 1341 510 Lunae
1360 484 1386 510 a
1405 468 1537 510 Terra
1573 471 1624 525 (P)
1655 470 1866 512 subtendit

170 538 362 597 angulum
383 553 503 594 quem
523 538 668 580 eadem
687 539 898 580 translatio
917 546 1088 595 generat
1105 539 1149 579 in
1167 547 1283 580 motu
1305 539 1452 590 Lunae,
1475 540 1626 595 quique
1644 549 1864 596 propterea

164 611 343 666 aequatio
362 608 494 651 centri
514 611 694 652 secunda
712 611 794 652 dici
813 619 959 665 potest.
1020 611 1078 653 Et
1095 611 1186 652 haec
1205 613 1396 667 aequatio‚
1426 612 1472 653 in
1499 613 1698 654 mediocri
1727 614 1862 656 Lunae

163 680 352 723 distantia
373 696 397 721 a
417 681 564 731 Terra,
596 688 658 722 est
686 690 732 723 ut
761 682 870 722 sinus
890 682 1043 738 anguli,
1075 696 1199 737 quem
1222 690 1334 724 recta
1351 682 1423 724 illa
1449 683 1496 725 D
1517 683 1555 725 F
1584 698 1679 724 cum
1697 683 1807 725 recta
1837 699 1862 725 a

160 760 317 806 puncto
351 751 387 792 F
415 745 468 792 ad
498 751 662 792 Lunam
684 751 808 793 ducta
827 753 1009 794 continet
1027 752 1353 808 quamproxime,
1391 761 1434 795 et
1466 754 1540 795 ubi
1569 755 1750 796 maxima
1782 763 1857 806 est,

161 822 296 863 evadit
316 824 369 863 2‘.
392 823 484 863 25⁹.
546 823 597 877 (q)
630 823 822 879 Angulus
842 831 978 864 aut-em
999 838 1122 879 quem
1140 833 1253 866 recta
1281 824 1324 865 D
1348 825 1383 866 F
1403 833 1446 866 et
1463 833 1576 867 recta
1595 841 1620 866 a
1638 835 1793 881 puncto
1824 827 1859 868 F

158 892 212 934 ad
247 893 410 933 Lunam
449 892 572 934 ducta
611 893 976 947 comprehendunt,
1017 895 1222 936 invenitur
1251 895 1316 936 vel
1348 895 1619 938 subducendo
1651 896 1851 953 angulum

160 963 198 1004 E
217 963 262 1006 D
285 963 320 1003 F
347 963 400 1004 ab
429 963 632 1005 anomalia
650 964 784 1004 media
805 964 952 1015 Lunae,
983 966 1049 1006 vel
1076 966 1268 1007 addendo
1296 966 1531 1008 distantiam
1551 968 1687 1010 Lunae
1708 983 1733 1009 a
1755 968 1852 1010 Sole

156 1032 209 1074 ad
229 1033 463 1075 distantiam
483 1034 643 1090 apogaei
663 1033 797 1075 Lunae
817 1035 870 1076 ab
889 1050 1062 1092 apogaeo
1084 1037 1206 1081 Solis.
1265 1036 1322 1079 Et
1340 1046 1387 1079 ut
1404 1039 1544 1080 radius
1564 1047 1626 1081 est
1645 1039 1699 1081 ad
1719 1040 1855 1081 sinum

154 1189 236 1220 linea
249 1186 304 1228 pei¹
331 1187 356 1218 C
379 1194 409 1217 et
430 1187 449 1217 f
469 1186 562 1218 ducta
576 1187 657 1218 cadit
671 1187 763 1219 etiam
785 1188 818 1219 in
842 1189 878 1225 F,
901 1190 983 1221 sumi

154 1237 252 1271 potest
268 1230 295 1260 F
308 1236 345 1259 ut
358 1239 447 1259 verus
461 1229 547 1259 locus
561 1231 657 1260 centri
671 1231 776 1260 orbitae
791 1231 916 1261 lunaris-

191 1272 352 1304 Invenitur
363 1279 467 1302 autem
478 1273 608 1312 aequatio
618 1274 753 1303 maxima
760 1280 826 1304 orta
834 1284 870 1303 ex
881 1284 981 1305 errore

155 1344 197 1382 ζ
208 1326 250 1398 ἑ
261 1351 300 1379 o;
316 1341 340 1371 si
356 1340 530 1372 attendatur
543 1341 627 1382 quod
644 1341 723 1373 Solis
736 1349 839 1373 motus
853 1350 899 1373 est
912 1344 980 1374 ubi-

151 1438 308 1478 quemss
329 1414 616 1493 {ffmstivemss
639 1421 729 1493 ÷><
754 1440 827 1467 2m
848 1436 983 1478 idedque

817 1514 838 1534 Χ

152 1540 307 1562 summam
322 1531 464 1561 omnium
481 1539 618 1560 errorum
634 1540 671 1561 ex
686 1540 785 1562 errore
808 1549 850 1588 ἶ
871 1541 891 1562 o
913 1531 978 1563 fore

151 1599 192 1630 ad
218 1602 370 1630 summam
399 1598 539 1629 omnium
567 1608 704 1630 errorum
729 1600 762 1629 in
788 1600 867 1630 Solis
889 1607 977 1631 motu

150 1641 324 1683 genitorum
339 1649 376 1672 ut
389 1653 408 1672 o
422 1641 465 1673 ad
478 1644 497 1670 2
511 1651 554 1678 m,
574 1642 637 1672 sive
650 1642 854 1682 aequationem
868 1644 977 1683 quaesi-

151 1691 216 1714 tam
230 1694 295 1714 esse
309 1684 348 1714 ad
363 1683 567 1724 aequationem
580 1684 658 1714 Solis
670 1690 705 1715 ut
716 1691 760 1715 est
771 1690 873 1715 motus
881 1687 976 1716 centri

148 1727 255 1757 orbitae
270 1726 385 1756 lunaris
398 1735 453 1765 per
466 1725 616 1756 circulum
634 1727 662 1757 B
681 1727 714 1757 D
731 1729 761 1756 A
783 1726 822 1756 ad
844 1726 977 1766 duplum

149 1775 270 1799 motum
292 1769 429 1798 medium
447 1768 526 1798 Solis
545 1768 684 1807 respectu
704 1768 753 1798 sui
772 1769 901 1809 apogaei,
923 1769 976 1800 sed

147 1811 292 1850 quoniam
307 1821 395 1841 arcus
411 1811 440 1840 B
458 1810 491 1840 D
506 1815 578 1840 sunt
591 1820 710 1850 semper
723 1810 810 1849 dupli
823 1812 975 1842 distantiae

151 1853 231 1883 Solis
252 1855 290 1883 ab
314 1862 441 1893 apogaeo
464 1853 574 1888 Lunae,
600 1860 703 1883 motus
727 1853 859 1884 dimus
879 1855 975 1886 centri

148 1896 228 1925 orbis
252 1895 367 1925 lunaris
390 1904 444 1933 per
468 1895 619 1924 citculum
645 1896 674 1925 B
701 1895 735 1925 D
764 1896 795 1925 A
816 1902 861 1926 est
882 1897 974 1927 etiam

148 1937 261 1976 duplus
295 1936 398 1967 motus
428 1936 506 1966 Solis
532 1938 571 1966 ab
598 1946 727 1977 apogaeo
755 1937 866 1975 Lunae,
902 1939 975 1969 hinc

149 1979 279 2018 aequatio
301 1978 428 2018 quaesita
450 1984 495 2007 est
517 1978 558 2008 ad
580 1978 747 2008 maximam
771 1980 973 2020 aequationem

150 2021 229 2051 Solis
244 2026 279 2051 ut
293 2027 339 2050 est
349 2020 451 2050 radius
465 2020 497 2050 D
512 2020 538 2050 C
553 2020 592 2051 αἱ
603 2020 776 2051 distantiam
789 2022 973 2052 mediocrem

150 2063 230 2093 Solis
242 2073 262 2093 a
278 2062 373 2093 Ten-a
393 2067 426 2092 et
446 2067 483 2092 ut
503 2060 618 2100 duplus
631 2069 733 2093 motus
747 2063 878 2094 diurnus
894 2065 974 2095 Solis

146 2106 186 2134 ab
207 2115 333 2145 apogaeo
350 2104 450 2141 Lunae
471 2102 511 2134 ad
531 2103 663 2143 duplum
684 2111 804 2135 motum
825 2106 972 2138 diurnum

150 2147 231 2177 Solis
243 2149 282 2178 ab
296 2156 423 2186 apogaeo
436 2155 493 2176 suo
507 2147 704 2186 conjunctim,
720 2147 854 2178 maxima
867 2155 973 2179 autem

150 2189 230 2220 Solis
245 2188 377 2229 aequati'o
397 2193 447 2218 est*
464 2188 530 2227 ipsa
550 2188 646 2227 dupla
662 2189 871 2220 excentricitas
891 2191 972 2220 orbis

145 2230 972 2312 ffffissizssss'tssssffissssffl‘ssffsseffl”Sisflrffl

145 2315 331 2345 mediocrem
351 2315 430 2346 Solis
443 2325 462 2344 a
479 2313 584 2351 Terra,
608 2322 639 2346 et
659 2322 696 2346 ut
717 2323 821 2346 motus
841 2316 975 2346 diurnus

147 2356 227 2389 bolis
241 2360 279 2388 ab
293 2367 419 2398 apogaeo
432 2357 534 2387 Lunae
548 2357 588 2387 ad
602 2363 722 2388 motum
733 2358 879 2392 diurnum
893 2358 973 2389 Solis

144 2401 184 2430 ab
208 2410 336 2440 apogaeo
360 2409 417 2429 suo
441 2399 641 2439 conjunctim,
664 2400 749 2431 unde
770 2400 901 2431 vicissim
925 2407 982 2431 est*

143 2442 236 2472 etiam
253 2442 286 2472 D
303 2441 330 2471 F
343 2441 383 2472 ad
400 2442 432 2471 D
450 2441 476 2472 C
491 2447 528 2471 ut
541 2441 637 2482 dupla
657 2442 866 2473 excentricitas
879 2443 972 2474 ducta

143 2494 199 2523 per
212 2490 333 2514 motum
347 2484 495 2514 diurnum
514 2484 591 2513 Solis
605 2485 644 2514 ab
658 2494 784 2524 apogaeo
801 2485 913 2522 Lunae,
931 2486 970 2516 ad

143 2526 317 2556 distantiam
338 2526 523 2556 mediocrem
541 2526 621 2556 Solis
633 2535 653 2556 a
668 2525 764 2556 'rex-ra
777 2527 903 2558 ductam
916 2537 971 2567 per

143 2574 264 2598 motum
277 2568 424 2599 diurnum
442 2568 522 2598 Solis
534 2569 573 2598 ab
587 2578 713 2608 apogaeo
727 2579 793 2599 suo.

186 2637 232 2679 (Ρ)
249 2639 267 2657 “
285 2638 441 2669 Subtendn't
450 2639 602 2677 angulum
616 2649 706 2678 quem
720 2641 824 2669 eadem
839 2641 969 2670 transla-

143 2681 183 2710 tio
195 2685 320 2719 generat
340 2682 375 2710 in
395 2686 481 2711 motu
498 2681 609 2711 Lunae.
658 2680 779 2710 Scilicet
793 2687 858 2711 tota
872 2681 970 2712 orbita

144 2722 257 2757 Lunae,
279 2721 403 2761 ipsaque
419 2722 511 2752 Luna
532 2732 586 2761 per
606 2728 726 2752 motum
748 2722 842 2752 centri
864 2723 969 2754 orbitae

143 2774 181 2794 ex
200 2764 232 2793 D
246 2765 280 2792 in
297 2764 323 2793 F
337 2764 517 2794 translatum
531 2774 569 2794 ex
584 2764 706 2803 proprio
718 2764 786 2794 loco
799 2771 884 2795 mota
897 2775 968 2795 cen-

143 2806 203 2836 seri
217 2805 308 2835 debet
322 2806 353 2835 in
368 2806 472 2836 locum
487 2806 582 2836 alium
597 2817 651 2845 per
662 2807 775 2836 lineam
786 2807 882 2845 ipsius
898 2808 929 2836 D
944 2807 970 2838 F

143 2847 272 2886 duplam
286 2847 404 2887 ipsique
418 2848 612 2886 parallelam3
628 2848 698 2879 cum
713 2849 816 2888 itaque
827 2849 971 2880 distantia

143 2890 305 2920 mediocris
319 2889 358 2919 sit
371 2890 505 2928 partium
522 2895 669 2926 loo.000,
686 2891 711 2920 si
725 2892 791 2921 haec
805 2891 886 2921 linea
900 2901 969 2931 quae

144 2932 299 2971 duplicata
310 2938 356 2961 est
372 2935 413 2962 70
427 2935 470 2968 .4,
482 2933 634 2972 angulum
644 2939 762 2963 rectum
773 2943 846 2963 cum
860 2933 941 2963 linea
951 2945 970 2964 a

145 2973 243 3004 Terra
256 2974 349 3004 ducta
363 2973 483 3011 efficiat,
505 2985 566 3014 quo
585 2984 657 3006 casn
678 2975 844 3006 maximam
866 2986 968 3016 aequa-

142 3016 259 3046 tionoem
280 3016 363 3052 facit,
389 3015 455 3055 ipsa
475 3016 638 3048 subtendet
657 3018 811 3058 angulum
833 3020 871 3048 2'.
897 3017 963 3049 25⁰.

143 3058 293 3098 equidem
313 3058 399 3088 sinus
416 3056 550 3088 duorum
568 3059 759 3090 minutorum
782 3067 828 3090 est
849 3064 890 3092 58
911 3063 967 3091 .18

1024 1190 1109 1221 sinus
1124 1191 1218 1221 trium
1233 1194 1272 1224 87
1288 1195 1354 1223 .27·
1401 1193 1442 1224 In
1456 1193 1524 1223 aliis
1537 1200 1643 1224 autem
1656 1194 1750 1235 hujus
1763 1194 1855 1226 lineae

1023 1234 1225 1272 positionibus
1233 1241 1373 1273 respectu
1382 1234 1472 1265 lineae
1485 1246 1504 1266 a
1515 1235 1611 1266 Terra
1619 1236 1729 1272 ductae,
1746 1238 1853 1277 anguli

1023 1285 1100 1314 quos
1121 1275 1283 1306 subtendet
1297 1283 1388 1307 erunt
1402 1277 1441 1307 ad
1454 1277 1551 1313 istum
1572 1285 1610 1308 ut
1630 1285 1677 1308 est
1690 1278 1776 1309 sinus
1796 1290 1852 1310 an-

1022 1317 1090 1357 guli
1108 1328 1201 1357 quem
1224 1318 1299 1348 facit
1321 1329 1394 1348 cum
1414 1319 1506 1349 lineis
1529 1330 1550 1349 a
1575 1319 1672 1350 Τειτεὶ
1691 1320 1792 1351 ductis
1812 1322 1852 1352 ad

1021 1359 1162 1396 radium3
1185 1370 1256 1390 nam
1271 1361 1305 1390 in
1319 1361 1483 1401 triangulis
1495 1362 1529 1391 in
1542 1362 1655 1402 quibus
1667 1361 1739 1392 duae
1761 1364 1852 1394 lineae

1022 1408 1095 1432 sunt
1108 1408 1289 1439 constantes,
1311 1403 1365 1433 sed
1379 1413 1487 1433 earum
1499 1404 1635 1445 angulus
1648 1405 1807 1442 variabilis,
1825 1406 1851 1436 si

1020 1454 1084 1473 una
1109 1454 1146 1473 ex
1169 1444 1206 1474 iis
1230 1445 1319 1475 lineis
1340 1445 1466 1475 altefius
1489 1453 1628 1484 respectu
1649 1446 1689 1476 sit
1709 1447 1848 1483 minima,

1020 1486 1109 1516 tertia
1123 1486 1205 1518 linea
1218 1497 1273 1525 pro
1286 1494 1444 1518 constante
1457 1488 1571 1518 assumi
1586 1494 1695 1528 potest,
1718 1496 1763 1519 est
1777 1490 1850 1521 vero

1019 1528 1058 1558 ad
1073 1528 1233 1558 minimam
1247 1529 1368 1566 lineam,
1380 1538 1416 1560 ut
1430 1531 1517 1560 sinus
1526 1531 1634 1570 anguli
1645 1531 1796 1561 variabilis
1810 1532 1850 1562 ad

1019 1570 1123 1601 sinum
1137 1571 1245 1612 anguli
1259 1573 1388 1610 oppositi
1404 1573 1542 1602 minimae
1556 1573 1661 1610 lineae;
1677 1573 1749 1604 hinc
1763 1574 1851 1604 sinus

1018 1613 1127 1653 anguli
1141 1613 1292 1644 variabilis
1313 1620 1344 1644 et
1365 1615 1450 1644 sinus
1464 1615 1572 1655 anguli
1593 1615 1714 1645 minimi
1729 1622 1801 1646 sunt
1814 1617 1848 1646 in

1018 1655 1138 1685 ratione
1156 1654 1237 1686 data.
1286 1656 1373 1697 Ergo
1394 1664 1430 1687 ut
1452 1658 1537 1687 sinus
1558 1657 1666 1698 anguli
1687 1658 1762 1688 recti
1784 1658 1848 1699 sive

1017 1697 1121 1727 radius
1143 1698 1184 1728 ad
1206 1698 1245 1728 2¹·
1273 1699 1339 1728 25⁶.
1369 1698 1413 1728 ita
1435 1700 1522 1729 sinus
1543 1700 1651 1740 anguli
1666 1710 1758 1740 quem
1772 1700 1847 1732 facit

1017 1738 1099 1770 linea
1121 1751 1140 1769 a
1167 1740 1263 1770 Terra
1288 1740 1381 1771 ducta
1405 1751 1476 1772 cum
1501 1741 1615 1771 lineola
1639 1742 1785 1780 parallela
1805 1743 1846 1774 ad

1018 1781 1051 1811 D
1080 1782 1113 1817 F,
1140 1782 1180 1812 ad
1204 1782 1357 1823 angulum
1382 1793 1445 1823 quo
1467 1784 1554 1814 locus
1580 1783 1683 1814 Lunae
1707 1790 1846 1817 mutatus

1015 1825 1157 1854 cernitur.

1059 1879 1104 1921 (α)
1123 1883 1139 1899 ⁸
1153 1881 1297 1920 Angulus
1310 1888 1412 1912 autem
1426 1893 1515 1922 quem
1529 1881 1604 1912 facit
1618 1882 1701 1913 linea
1714 1893 1734 1914 a
1749 1884 1853 1915 Tura

1015 1922 1108 1952 ducta
1121 1932 1192 1952 cum
1207 1923 1321 1953 lineola
1335 1924 1480 1962 parallela
1500 1924 1540 1954 ad
1564 1925 1597 1954 D
1615 1925 1651 1962 F,
1674 1931 1706 1956 et
1726 1925 1758 1955 in
1772 1926 1842 1966 ipso

1014 1963 1082 1993 loco
1105 1964 1207 1994 Lunae
1231 1965 1338 2003 posita,
1365 1965 1492 2006 aequalis
1515 1973 1561 1997 est
1584 1966 1630 1996 illi
1653 1977 1746 2007 quem
1771 1968 1845 1999 facit

1013 2012 1096 2036 recta
1111 2007 1142 2036 D
1156 2007 1182 2037 F
1197 2013 1227 2036 et
1241 2014 1323 2037 recta
1337 2018 1356 2038 a
1369 2015 1487 2047 puncto
1502 2009 1530 2039 F
1544 2008 1584 2039 ad
1600 2009 1727 2039 Lunam
1738 2010 1842 2048 ducta,

1013 2047 1119 2078 saltem
1134 2048 1273 2087 proxime
1294 2050 1367 2090 quia
1390 2051 1417 2080 F
1437 2057 1483 2081 est
1503 2057 1644 2082 centrum
1666 2052 1771 2082 orbitae
1791 2053 1842 2083 lu-

1012 2091 1093 2120 naris
1107 2101 1126 2120 a
1139 2101 1201 2130 quo
1222 2092 1318 2122 Terra
1332 2102 1394 2122 non
1409 2093 1545 2123 multum
1560 2093 1650 2123 distat
1662 2106 1672 2131 ;
1695 2094 1840 2134 fingatur,

1013 2132 1140 2171 produci
1154 2134 1268 2163 lineam
1284 2133 1318 2163 D
1334 2134 1360 2164 F
1373 2142 1402 2165 et
1417 2145 1455 2165 ex
1469 2141 1585 2174 puncto
1602 2135 1629 2165 F
1640 2135 1711 2166 duci
1726 2136 1841 2167 lineam

1012 2174 1188 2213 parallelam
1203 2175 1293 2205 lineae
1309 2176 1343 2206 D
1360 2177 1400 2212 E,
1417 2187 1488 2217 quae
1502 2177 1543 2207 ad
1557 2187 1720 2217 apogaeum
1736 2178 1840 2209 Lunae

1011 2216 1120 2252 tendit,
1136 2223 1168 2246 et
1181 2225 1219 2246 ex
1234 2217 1340 2246 eodem
1355 2224 1472 2256 puncto
1490 2218 1517 2248 F
1531 2218 1622 2248 aliam
1638 2219 1710 2248 duci
1725 2219 1840 2250 lineam

1012 2257 1052 2287 ad
1069 2258 1202 2294 Lunam,
1219 2259 1353 2298 angulus
1366 2260 1458 2300 hujus
1473 2260 1562 2291 lineae
1576 2270 1649 2290 cum
1666 2261 1746 2291 linea
1760 2262 1794 2291 D
1808 2263 1839 2293 E

1013 2299 1070 2330 erit
1084 2301 1234 2330 anomalia
1248 2300 1351 2331 media
1368 2301 1489 2339 Lunae3
1510 2312 1584 2342 ergo
1598 2303 1732 2343 angulus
1746 2304 1841 2346 hujus

1012 2341 1102 2372 lineae
1122 2352 1193 2371 cum
1207 2341 1291 2372 linea
1315 2343 1347 2373 D
1373 2343 1400 2373 F
1421 2344 1568 2383 producta
1588 2345 1646 2374 erit
1667 2345 1840 2378 differentia

1012 2384 1119 2424 anguli
1143 2385 1172 2414 E
1191 2385 1223 2414 D
1242 2384 1268 2414 F
1289 2391 1320 2414 et
1340 2386 1501 2416 anomaliae
1514 2386 1626 2416 media}
1641 2387 1752 2424 Lunae,
1776 2388 1839 2420 siva

1013 2428 1086 2466 quia
1099 2432 1164 2456 erat
1179 2427 1209 2457 E
1221 2427 1254 2462 D
1267 2427 1294 2457 F
1308 2426 1480 2458 differentia
1494 2429 1670 2469 argum-ti
1684 2430 1791 2468 annui,
1808 2437 1840 2462 et

1012 2468 1163 2499 distantiae
1185 2469 1302 2509 apogaei
1326 2469 1428 2500 Lunae
1449 2480 1469 2500 a
1491 2471 1624 2511 perigaeo
1647 2471 1726 2501 Solis
1747 2472 1776 2501 si
1800 2483 1840 2503 ex

1011 2511 1165 2542 anomalia
1192 2512 1294 2541 media
1323 2511 1425 2541 Lunae
1452 2513 1587 2549 tollatur,
1619 2520 1840 2553 argumentum

1011 2563 1152 2584 annuum
1176 2559 1312 2593 superest
1334 2553 1484 2585 distantiae
1511 2555 1614 2584 Lunae
1636 2565 1655 2584 a
1681 2556 1759 2590 Sole,
1787 2556 1839 2589 cui

1011 2595 1083 2626 addi
1108 2595 1198 2626 debet
1222 2595 1365 2626 distantia
1388 2596 1507 2637 apogaei
1531 2597 1633 2627 Lunae
1658 2603 1689 2627 et
1713 2597 1839 2638 perigaei

1014 2638 1102 2674 Solis,
1125 2638 1188 2668 sive
1211 2638 1296 2680 (quia
1310 2638 1508 2669 semi-circuli
1521 2639 1618 2668 additi
1638 2639 1687 2669 vel
1709 2639 1838 2671 detracti

1012 2690 1075 2709 non
1089 2686 1211 2711 mutant
1225 2680 1342 2710 valeres
1362 2680 1547 2722 angulorum
1562 2691 1732 2721 eorumque
1752 2682 1838 2713 εῑὶιιιισπ

1011 2722 1080 2762 um)
1108 2722 1251 2753 distantia
1275 2723 1393 2763 apogaei
1416 2723 1518 2753 Lunae
1540 2729 1571 2753 et
1590 2723 1709 2763 apogaei
1734 2723 1836 2755 Solis}

1011 2771 1119 2795 caetera
1139 2764 1229 2795 facile
1250 2766 1396 2803 patebunt
1419 2775 1456 2794 ex
1480 2764 1589 2805 figurae
1614 2765 1836 2804 descriptione3

1011 2806 1188 2845 exemplum
1203 2814 1268 2838 esto
1281 2807 1315 2836 in
1331 2807 1549 2847 conjunctione
1563 2807 1617 2837 ubi
1631 2814 1677 2838 est
1694 2812 1733 2850 Θ
1750 2808 1840 2839 locus

1014 2849 1094 2879 Solis
1115 2856 1146 2878 et
1162 2850 1272 2887 Lunae,
1295 2850 1391 2888 liquet
1404 2849 1487 2879 enim
1501 2849 1585 2889 quod
1598 2851 1837 2890 quando‘punc-

1012 2897 1079 2920 tum
1103 2895 1142 2933 Θ
1160 2899 1206 2922 est
1227 2893 1260 2922 in
1281 2892 1499 2931 consequentia
1512 2898 1652 2930 respectu
1666 2893 1775 2932 puncti
1799 2893 1834 2929 F,

1012 2933 1106 2964 Luna
1129 2945 1199 2975 quae
1227 2934 1406 2965 transfertur
1433 2944 1488 2973 per
1515 2933 1630 2963 lineam
1658 2935 1835 2974 parallelam

1010 2975 1100 3006 lineae
1125 2977 1158 3007 D
1176 2976 1203 3007 F
1224 2976 1406 3007 transfertur
1418 2976 1452 3006 in
1465 2975 1696 3015 antecedentia;
1719 2977 1795 3008 dum
1817 2988 1836 3008 c

1010 3018 1279 3058 contrsspunctum
1297 3022 1335 3061 Θ
1353 3025 1398 3048 est
1419 3019 1451 3048 in
1471 3017 1683 3050 antecedentia
1694 3024 1842 3059 respectu*

1009 3061 1119 3100 puncti
1148 3061 1184 3099 F,
1217 3061 1310 3091 Luna
1335 3061 1514 3091 transfertur
1536 3060 1569 3090 in
1597 3061 1833 3103 consequentias
