2072 3522
140 241 151 248 ‘
188 265 268 300 100
560 252 1009 301 PHILOSOPHIAE
1041 231 1294 300 NATURA
1304 258 1398 302 ms
1457 261 1551 311 [DE
1574 260 1734 302 Mum.
1757 260 1880 304 sm.

187 369 239 424 (b)
272 369 328 411 Et
358 368 454 410 inde
489 369 621 411 oritur
653 370 734 411 alia
763 369 890 411 medii
923 368 1058 410 motus
1079 368 1232 410 lunaris
1265 371 1454 426 aequatio,
1489 386 1613 427 quam
1643 361 1887 414 semestrem¹

186 441 406 482 secundam
427 440 596 491 vocabo,
629 455 803 497 quaeque
821 441 1002 481 maxima
1022 448 1083 480 est
1102 440 1174 480 ubi
1193 440 1293 481 nodi
1327 440 1371 480 in
1405 441 1510 483 Solis
1540 443 1769 485 octantibus
1788 457 1880 484 ver-

185 520 338 562 santur,
361 519 401 553 et
421 513 624 554 evanescit
643 512 715 553 ubi
736 519 832 553 sunt
850 511 894 552 in
914 511 1088 567 syzygiis
1109 511 1173 552 vel
1193 512 1466 567 quadraturis,
1499 519 1540 553 et
1565 513 1610 554 in
1638 514 1726 554 aliis
1746 513 1878 555 nodo«

183 599 276 626 rum
295 584 564 639 positionibus
583 584 901 640 proportionalis
932 592 994 626 est
1023 584 1130 624 sinui
1150 583 1287 639 Auplae
1307 584 1508 626 distantiae
1528 587 1626 628 nodi
1645 587 1878 628 alterutrius
1904 597 1906 605 ³

183 671 207 697 a
226 654 416 710 proxim&
436 655 601 713 syzygia
621 663 692 697 aut
713 656 959 712 quadratur&
977 671 986 696 ε
1021 654 1068 711 (⁰)
1100 654 1265 696 auditur
1282 655 1381 698 vero
1401 657 1538 697 medio
1565 659 1695 699 motui
1723 659 1871 708 Lunae,

181 727 215 767 si
257 727 328 769 Sol
366 727 488 769 distat
526 743 551 768 a
576 728 688 769 nodo
723 728 800 769 sibi
837 728 1028 783 proximo
1063 727 1106 767 in
1141 728 1434 778 antecedentia,
1481 729 1721 772 subducitur
1759 731 1794 772 si
1831 731 1875 772 in

182 787 472 856 consequentia
484 816 496 849 3
537 807 578 841 et
609 801 653 840 in
688 800 932 850 octantibus,
964 799 1035 840 ubi
1066 798 1253 840 «maxima
1292 807 1367 849 est,
1407 800 1590 842 ascendit
1618 801 1672 841 ad
1699 804 1792 846 47¹2
1831 802 1876 842 in

180 871 375 914 mediocri
418 872 524 915 Solis
558 872 750 914 distanti&
781 887 806 913 a
841 871 987 921 Terra,
1024 870 1075 926 (ἀ)
1105 871 1166 912 uti
1194 885 1248 913 ex
1277 870 1436 914 theoria
1469 873 1678 929 gravitatis
1710 873 1871 929 colligo.

1692 989 1712 1017 8
1729 986 1771 1016 A.
1791 984 1874 1017 1³12

1694 1039 1876 1069 ‘lav-³1²

1046 1108 1078 1141 Χ
1093 1086 1152 1159 (fi-¹
1161 1119 1204 1126 ..-
1215 1102 1246 1132 Α
1257 1102 1291 1133 N
1305 1101 1351 1143 Q)
1368 1104 1440 1135 addi
1455 1104 1545 1136 debet
1559 1104 1628 1136 loco
1642 1105 1744 1136 medio
1759 1106 1872 1142 Lunae,

1047 1177 1122 1202 tunc
1131 1178 1235 1203 autem
1247 1172 1299 1203 Sol
1314 1172 1346 1202 in
1361 1173 1392 1203 A
1406 1179 1453 1204 est
1467 1173 1499 1203 in
1513 1173 1725 1205 antecedentia
1734 1180 1875 1214 respectu

1047 1214 1119 1243 nodi
1134 1215 1264 1253 proximi
1281 1225 1310 1245 n.

222 985 266 1028 (⁸)
293 988 310 1006 '¹‘
328 987 373 1017 Et
390 988 458 1018 inde
472 988 569 1018 oritur
582 988 643 1017 alia
657 987 748 1017 medii
767 984 865 1017 mamis
885 987 1008 1016 lunaris

178 1027 1012 1112 ἷξῖῒὲἷὼίῑῗἓέᾆῖἒυῖἷᾞῗ-ἷῖῗῐξῗεζἢέἕίζᾶἑξῗοξζῑῖἓίῗ

277 1087 287 1097 .
368 1094 375 1101 Ι
759 1092 766 1099 ι
995 1091 1004 1106 ,

337 1117 356 1143 8
376 1115 415 1144 A.
435 1114 469 1144 F.
488 1114 500 1143 l
513 1115 529 1132 ²
607 1117 627 1143 2
640 1123 660 1141 n
671 1122 705 1142 m

337 1167 355 1193 8
374 1164 404 1193 S.
425 1164 465 1194 V.
483 1174 502 1194 a
515 1174 531 1193 r
548 1143 581 1176 ><
648 1174 665 1194 r

177 1207 291 1237 mendo
305 1207 317 1236 1
331 1215 386 1246 pro
401 1205 470 1236 sinu
483 1206 688 1237 inclinationis
709 1206 824 1243 orbitae,
847 1212 878 1236 et
892 1216 914 1235 n
929 1211 958 1236 et
972 1216 1006 1236 m

1049 1009 1227 1041 acceleratio
1246 1021 1324 1048 vera,
1347 1009 1479 1052 ideoque
1500 1011 1671 1042 differentia

177 1137 325 1179 illamque
735 1138 916 1174 invenimus,
951 1148 1005 1168 su-

116 2445 119 2448 ’
176 2437 287 2468 calculi
307 2437 389 2468 tertii
412 2438 496 2479 (pag.
515 2441 566 2474 85,
589 2443 620 2467 et
641 2435 720 2476 seq.)
738 2436 805 2476 jam
847 2468 853 2472 ,

178 1259 233 1288 ΡΥΟ
247 1249 318 1280 sinu
333 1255 364 1279 et
378 1248 484 1278 ⁰⁰⁵i¹¹u
500 1248 653 1278 distantia*
667 1249 821 1279 1¹⁰d⁰¹¹¹m
835 1258 854 1278 ὃ
868 1247 1001 1289 syzygifi·
1090 1260 1119 1286 3.
1169 1257 1258 1287 Dum
1274 1257 1307 1288 N
1321 1263 1458 1288 versatur
1472 1258 1552 1289 inter
1569 1259 1597 1289 B
1613 1265 1645 1289 et
1661 1259 1694 1291 D
1709 1264 1740 1290 et
1754 1269 1777 1290 n
1790 1259 1825 1290 in
1841 1259 1873 1290 A

182 1316 270 1347 Hinc
284 1315 358 1347 cum
374 1293 393 1319 2
405 1299 430 1371 ἶ
440 1299 472 1319 m
487 1316 525 1346 sit
540 1315 627 1346 sinus
642 1315 746 1356 duplae
760 1315 911 1347 distantiae
932 1315 1006 1346 nodi
1048 1330 1079 1355 et
1101 1324 1127 1355 c
1149 1309 1200 1380 ἓξ]
1216 1325 1337 1356 excedit
1353 1327 1383 1357 A
1400 1327 1434 1357 N
1451 1327 1501 1364 Q}
1518 1326 1581 1357 sive
1595 1334 1698 1357 motus
1711 1327 1874 1359 mediocris

177 1394 196 1415 a
220 1383 352 1426 syzygia,
380 1384 481 1414 caeteri
496 1384 567 1415 vero
591 1385 715 1415 termini
740 1385 801 1416 sint
821 1390 1005 1422 constantes,

178 1427 245 1458 haec
259 1428 391 1468 aequatio
405 1432 451 1457 est
464 1427 600 1457 maxima
614 1430 666 1459 ubi
680 1430 754 1460 nodi
768 1430 802 1459 in
817 1429 892 1459 Solis
903 1434 1007 1458 octan-

177 1471 256 1500 tibus
269 1475 441 1506 ver-sanem,
464 1474 497 1499 et
510 1470 661 1500 evanescit
681 1472 733 1502 ubi
746 1477 820 1502 sunt
834 1473 868 1501 in
882 1471 1006 1510 syzygiis

177 1513 221 1543 vel
235 1513 433 1552 quadraturis
458 1517 487 1542 et
512 1513 546 1542 in
560 1514 625 1543 aliis
639 1515 788 1544 nodorum
809 1514 1007 1553 positionibus

170 1556 401 1594 Inoportionalis
425 1560 467 1585 est
492 1555 575 1585 sinui
598 1557 699 1595 duplae
723 1557 874 1587 distantiae
895 1556 966 1585 nodi
987 1566 1006 1584 a

176 1595 310 1637 syzygffi,
325 1598 381 1627 διο.

220 1638 265 1679 (⁰)
293 1641 310 1660 ⁷*
328 1640 464 1670 Addit'ur
477 1638 542 1670 vero
557 1642 651 1671 medio
666 1642 760 1671 motui
775 1641 889 1676 Lunna
911 1641 937 1670 si
959 1641 1007 1669 Sol

175 1682 265 1712 distat
279 1693 298 1712 a
313 1684 390 1713 nodo
404 1683 458 1712 sibi
466 1684 602 1721 proximo
617 1684 650 1714 in
665 1684 877 1717 antecedentia,
893 1683 1006 1713 subdu-

177 1725 257 1754 citur
278 1725 304 1754 εἰ
324 1726 358 1755 in
380 1726 600 1764 consequentia.
647 1725 699 1755 Ex
723 1725 842 1755 actione
868 1723 947 1753 Solis
971 1723 1004 1752 in

177 1765 313 1802 Lunam,
331 1766 425 1796 Luna
445 1766 625 1802 retardatur,
649 1777 686 1796 ex
707 1766 911 1796 diminutione
931 1763 1003 1795 vero

176 1807 243 1847 ejus
267 1808 395 1838 actionis
410 1813 531 1847 propter
556 1808 765 1847 obliquitatem
787 1808 870 1847 plani
885 1807 1000 1841 orbitae‚

174 1849 300 1886 lunaris,
325 1850 508 1880 diminuitur
531 1850 596 1880 haec
620 1851 721 1880 Lunae
745 1850 916 1886 retardatio,
944 1849 1002 1878 hoc

176 1897 221 1922 est
245 1892 423 1923 acceleratio
447 1892 589 1932 quaedam
615 1893 711 1923 oritur
724 1898 863 1931 respectu
888 1891 999 1927 motus,

176 1933 239 1974 qui,
262 1935 374 1965 omissa
388 1936 445 1964 hac
464 1934 713 1972 consideratione,
735 1936 837 1965 fuerat
857 1933 999 1965 determi-

175 1982 286 2013 natus;
310 1977 471 2007 mediocris
492 1977 670 2008 acceleratio
683 1978 754 2008 hinc
777 1983 856 2013 nata,
880 1983 911 2007 et
931 1985 1002 2016 quae

175 2018 346 2049 includitur
370 2020 402 2059 in
427 2019 530 2049 medio
550 2026 639 2050 motu
662 2020 740 2051 Solis
761 2026 806 2050 est

302 2065 323 2091 5
341 2063 382 2091 Aa
403 2062 439 2092 F·
456 2062 468 2091 l
482 2063 497 2080 2
575 2072 591 2090 Γ
604 2073 626 2092 U

305 2111 369 2142 2S.
388 2112 498 2141 Var2
517 2091 550 2123 ><
574 2105 637 2143 ἐἷ’
660 2098 730 2119 “³¹³
749 2098 803 2118 au-

543 2160 564 2187 5
582 2157 622 2186 A.
646 2157 679 2186 F.
698 2157 710 2186 1
725 2158 741 2175 2

546 2210 565 2236 2
581 2207 611 2236 S.
628 2207 655 2234 V
668 2217 686 2235 a
697 2217 712 2237 r
725 2209 741 2226 ²
767 2185 801 2219 χ

619 2252 640 2278 5
654 2249 696 2277 A.
713 2249 747 2278 F.
766 2249 804 2278 1²

621 2304 650 2330 2.
666 2301 687 2331 S
700 2300 803 2331 Var²

182 2371 217 2406 ><
234 2351 298 2424 (ΥΞ-ιι
311 2385 355 2393 -
372 2368 404 2398 A
417 2369 450 2399 N
462 2368 508 2409 Q)
523 2378 578 2408 per
598 2369 702 2400 Probl.
730 2349 799 2400 111.

176 2086 291 2127 ubique

175 2185 240 2210 tem
269 2179 448 2211 acceleratio
473 2186 519 2209 cst

181 2275 292 2323 ANJQ·
319 2275 413 2306 Unde
423 2275 554 2315 aequatio
564 2281 609 2305 est

176 2506 280 2547 itaque
294 2506 320 2536 si
334 2490 382 2562 {Iu
398 2506 436 2536 sit
451 2506 547 2547 major
561 2503 655 2545 quam
676 2505 706 2535 A
724 2505 756 2535 N
774 2505 806 2540 Q

176 2575 260 2616 quod
276 2575 376 2605 evenit
384 2574 417 2604 in
426 2580 492 2604 toto
501 2573 669 2614 quadrante
680 2573 711 2603 A
722 2572 755 2603 N
766 2572 803 2610 C,

177 2617 355 2648 acceleratio
370 2616 531 2647 mediocris
546 2621 591 2646 est
612 2616 710 2656 major
722 2612 803 2651 verfi,

178 2666 209 2690 et
232 2660 326 2690 Luna
340 2659 439 2700 magis
464 2657 640 2698 processisse
665 2662 805 2688 censetur

178 2700 273 2742 quom
295 2712 398 2732 revera
411 2701 565 2740 processit,
587 2699 661 2729 hinc
675 2699 732 2730 ista
745 2699 806 2729 dif-

328 2743 522 2825 ——335113
540 2750 648 2824 >«³2÷¹
671 2784 715 2792 -
739 2767 770 2797 A
798 2766 831 2797 N
855 2765 1006 2808 ‘mehe‘

179 2836 296 2867 detrahi
317 2848 356 2868 ex
378 2837 445 2878 ejus
458 2836 526 2866 loco
540 2836 665 2866 invento
686 2840 722 2865 ut
736 2844 825 2864 verus
846 2834 930 2864 locus
951 2834 1006 2863 ha·

179 2879 295 2916 beatur,
320 2879 354 2910 in
377 2880 435 2909 hoc
459 2885 563 2909 autem
586 2889 659 2908 casu
686 2876 738 2907 Sol
761 2877 814 2917 qui
836 2881 951 2915 puncto
975 2875 1005 2905 A

179 2922 361 2994 resgorssiere
369 2927 519 2957 censetur,
530 2924 582 2951 'est
595 2920 628 2950 in
643 2919 860 2960 consequentia
870 2924 1007 2957 respectu

180 2972 313 3036 no13um
329 3005 400 3037 vero
415 3007 448 3037 N
458 3011 595 3036 versatur
609 3005 688 3036 inter
701 3004 728 3036 C
743 3010 774 3035 et
790 3004 831 3042 B,
846 3010 876 3034 et
890 3012 912 3032 n
927 3002 1007 3033 inter

183 3074 214 3104 A
229 3079 261 3105 et
277 3072 320 3112 D,
343 3080 418 3105 tunc
440 3058 490 3130 '³3¹¹
504 3080 550 3105 est
565 3075 667 3105 minor
680 3071 774 3115 quem
798 3073 829 3103 A
847 3073 878 3103 N
897 3072 938 3109 Q,
962 3070 1004 3101 sic

177 2769 307 2800 ferentia

180 3141 282 3184 itaque
310 3142 487 3174 acceleratio
518 3142 680 3174 mediocris
707 3147 753 3174 est
780 3140 881 3172 minor
909 3138 1002 3181 quam

1048 1392 1167 1423 excedit
1180 1402 1285 1423 verum
1298 1405 1308 1431 ;
1325 1393 1455 1425 subduci
1470 1394 1572 1435 itaque
1586 1393 1676 1425 debet
1690 1395 1872 1432 differentia,

1049 1442 1094 1466 est
1108 1434 1181 1466 vero
1205 1435 1239 1465 in
1264 1445 1301 1466 eo
1327 1446 1401 1467 casu
1418 1436 1472 1467 Sol
1492 1438 1526 1466 in
1550 1437 1581 1467 A
1603 1437 1636 1467 in
1657 1438 1875 1478 consequentia

1049 1484 1187 1518 respectu
1203 1477 1275 1508 nodi
1291 1488 1323 1508 n.

1093 1568 1236 1609 Denique
1251 1556 1377 1600 dum-N
1391 1575 1437 1600 est
1450 1569 1530 1599 inter
1546 1570 1579 1600 D
1594 1575 1626 1600 et
1643 1569 1682 1603 A.
1707 1555 1760 1626 r—lu
1773 1569 1875 1601 minor

1048 1643 1093 1667 est
1107 1636 1199 1677 quam
1218 1638 1248 1668 A
1262 1639 1295 1668 N
1309 1638 1351 1674 Q,
1367 1638 1439 1668 addi
1450 1638 1552 1679 itaque
1563 1637 1653 1668 debet
1665 1638 1795 1679 aequatio
1805 1639 1874 1670 loco

1047 1680 1273 1752 gnoegiquunae,
1291 1686 1321 1710 et
1337 1681 1389 1711 Sol
1404 1687 1450 1711 est
1463 1680 1497 1710 in
1511 1679 1721 1711 antecedentia
1734 1688 1872 1720 respectu

1083 1764 1170 1804 Ergo
1181 1764 1311 1803 aequatio
1320 1764 1500 1794 subducitur
1511 1774 1547 1794 ex
1559 1765 1661 1795 medio
1671 1770 1757 1795 motu
1769 1765 1871 1796 Lunae

1045 1805 1117 1835 cum
1136 1805 1187 1835 Sol
1203 1813 1247 1835 est
1260 1807 1292 1835 in
1308 1806 1523 1846 consequentia
1532 1812 1670 1845 respectu
1681 1807 1755 1837 nodi
1767 1808 1869 1847 proxi-

1045 1848 1098 1883 mi,
1115 1848 1238 1878 additur
1252 1847 1324 1878 vero
1345 1848 1373 1878 ei
1395 1849 1493 1878 motui
1507 1847 1580 1878 cum
1599 1849 1649 1879 Sol
1671 1855 1717 1879 est
1731 1850 1762 1878 in
1785 1856 1873 1881 ante-

1048 1890 1196 1920 cedentia·
1615 1929 1617 1931 q
1648 1914 1652 1920 .

1086 1931 1128 1971 (d)
1153 1935 1170 1950 ³‘
1195 1933 1246 1963 Uti
1260 1932 1300 1963 'ez'
1320 1931 1430 1963 theoria
1445 1935 1555 1972 colligo.
1605 1933 1752 1964 Calculus
1766 1940 1868 1966 noster

1046 1973 1158 2005 Coroll.
1175 1974 1278 2005 Probl.
1292 1974 1363 2005 ΙΙΙ.
1373 1980 1543 2012 contentus,
1556 1975 1759 2016 aequationem
1769 1977 1868 2007 maxi-

1046 2763 1129 2784 mam
1142 2753 1232 2786 45‘'-6
1246 2754 1378 2792 exhibet,
1393 2753 1446 2795 qui
1461 2763 1608 2784 numerus
1622 2757 1667 2783 est
1681 2751 1757 2783 adeo
1766 2751 1868 2791 pmxi·

1046 2806 1118 2827 mus
1143 2806 1272 2827 numero
1296 2796 1364 2827 47¹¹.
1394 2804 1495 2837 quem·
1511 2805 1549 2826 ex
1575 2794 1691 2825 theoria
1714 2793 1870 2835 gravitffis

1049 2837 1172 2879 collegit
1197 2839 1376 2876 Newtonus,
1398 2845 1434 2869 ut
1455 2837 1577 2868 credere
1597 2837 1686 2867 facile
1706 2838 1746 2867 sit
1766 2836 1868 2875 ipsum

1048 2881 1132 2911 hunc
1155 2891 1318 2911 numerum
1339 2891 1376 2911 ex
1397 2880 1513 2911 theorizi
1534 2880 1617 2921 gravi
1651 2879 1690 2909 tis
1709 2877 1868 2919 collegisse

1049 2923 1085 2953 ea
1109 2922 1246 2962 proxime
1268 2924 1382 2953 ratione
1403 2933 1472 2962 quae
1493 2923 1526 2952 in
1548 2922 1634 2952 calcu
1647 2931 1666 2951 ο
1689 2922 1774 2962 (pugo
1797 2919 1866 2960 88ο)

1048 2965 1217 3001 adhibetur,
1241 2965 1442 2996 differentiola
1463 2965 1546 2995 enim
1561 2964 1618 2994 ista
1632 2964 1702 2994 oriri
1718 2967 1815 3001 potest
1829 2971 1866 2992 ex

1049 3018 1086 3038 eo
1106 3007 1199 3048 quod,
1225 3007 1270 3038 vel
1291 3007 1443 3048 angulum
1465 3006 1669 3038 inclinationis
1682 3004 1797 3040 orbim,
1819 3003 1868 3034 vel

1046 3050 1246 3091 quantitatem
1271 3050 1309 3080 M
1330 3049 1443 3080 mensis
1457 3049 1601 3089 periodici
1623 3048 1698 3079 citra
1717 3046 1868 3077 actionem

1049 3092 1128 3123 Solis
1152 3091 1343 3130 considerati,
1368 3092 1461 3132 paulo
1482 3091 1628 3133 majorem
1649 3088 1754 3121 fecerit
1773 3087 1868 3129 quem

1045 3145 1111 3167 nos.
