2072 3522
136 223 279 266 Lmen
304 222 542 274 Tannus]
603 222 922 269 PRINCIPIA
956 224 1448 268 MATHEMATICA.
1813 233 1838 276 7

145 348 179 382 Χ
205 338 242 382 Ρ
258 353 288 394 p
307 337 520 394 aequalem.
571 338 621 394 (⁰)
646 337 702 380 Et
719 338 928 390 velocitas,
950 354 1074 395 quam
1094 339 1156 380 vis
1175 339 1357 381 maxima
1375 341 1561 394 tempore
1582 342 1726 396 quovis
1748 343 1784 385 C
1803 343 1839 386 P

132 423 332 467 generare
350 416 502 464 posset,
534 409 614 451 erit
641 409 695 451 ad
723 409 983 452 velocitatem
1001 425 1127 466 quam
1155 410 1216 452 vis
1246 411 1380 452 omnis
1399 411 1536 452 minor
1566 411 1604 453 E
1624 412 1663 454 L
1692 413 1838 455 eodem

131 490 317 537 tempore
346 489 530 538 generat,
564 489 612 524 ut
641 483 989 540 rectangulum{
1011 483 1052 525 Τ
1074 483 1110 525 Ρ
1134 494 1169 530 Χ
1195 484 1232 525 C
1256 486 1293 529 P
1326 483 1382 525 ad
1415 499 1555 526 aream
1591 485 1633 526 K
1655 485 1691 527 C
1714 487 1758 529 G
1779 487 1836 529 F.

130 562 318 609 tempore
337 561 476 595 autem
503 562 592 596 toto
624 554 660 595 C
682 554 719 596 P
741 555 795 605 A,
827 555 1063 598 velocitates
1082 556 1235 613 genitae
1255 564 1378 598 erunt
1395 556 1482 598 ad
1470 557 1646 599 mvicem
1675 567 1722 600 ιιι
1749 574 1838 601 rec-

130 626 389 684 tangulum2
375 631 386 654 ¹
415 627 456 669 T
477 627 514 670 P
537 639 573 674 Χ
598 627 635 670 C
657 628 698 670 A
718 636 760 670 et
778 628 1032 686 triangulum
1053 629 1095 671 T
1117 630 1154 671 C
1176 630 1233 681 G,
1255 629 1339 672 sive
1358 637 1406 672 ut
1423 646 1542 673 arcus
1558 632 1838 688 quadrantalis

133 701 170 744 C
191 703 231 743 A
261 709 303 744 et
331 701 471 743 radius
502 701 543 743 T
565 702 613 743 P.
673 701 859 758 Ideoque
890 705 981 757 (per
1013 702 1140 757 Prop.
1163 702 1247 744 IX.
1270 703 1365 744 Lib.
1387 703 1440 745 V.
1463 703 1615 757 Elem.)
1647 705 1838 747 velocitas

129 777 345 831 posterior,
367 785 456 818 toto
470 784 656 831 tempore
671 775 823 832 genita,
847 775 925 816 erit
937 789 1033 830 pars
1052 775 1186 829 Tl‘ssgi‘x
1205 775 1430 818 velocitatis
1445 777 1594 819 Lunae.
1646 778 1698 833 (Ρ)
1721 778 1837 820 Huic

130 849 266 890 Lunae
285 848 503 898 velocitati,
535 862 630 903 quae
647 860 756 891 areae
775 855 989 888 momento
1008 847 1208 891 mediocri
1227 846 1403 905 analoga
1421 856 1497 900 est,
1529 849 1581 904 (q)
1602 849 1778 891 addatur
1797 859 1839 892 et

128 922 336 966 auferatur
354 921 572 964 dimidium
601 920 828 962 velocitatis
849 920 1015 961 alterius
1027 936 1039 969 ;
1069 928 1111 962 et
1131 920 1165 962 si
1185 928 1438 963 momentum
1470 920 1680 963 mediocre
1708 936 1838 978 expo-

127 1003 250 1037 natur
278 1009 354 1050 per
382 1007 603 1034 numerum
638 997 790 1042 11915,
823 1006 984 1033 summa
1017 997 1154 1034 11915
1182 998 1226 1043 -Ι-
1253 998 1309 1035 50
1343 1008 1418 1035 seu
1454 998 1593 1036 11965
1627 994 1840 1039 exhibebit

128 1074 384 1114 momentum
403 1063 631 1106 maximum
650 1077 758 1104 areae
777 1062 821 1104 in
841 1062 1007 1119 syzygia
1031 1063 1085 1113 A,
1117 1077 1165 1104 ac
1189 1063 1422 1106 differentia
1445 1070 1581 1108 11915
1603 1090 1660 1098 -
1680 1072 1736 1109 50
1765 1081 1839 1109 seu

131 1143 267 1179 11865
290 1135 474 1192 ejusdem
493 1141 751 1176 momentum
769 1133 986 1174 minimum
1005 1133 1049 1174 in
1069 1133 1344 1190 quadraturis.
1396 1135 1532 1192 Igitur
1551 1151 1659 1179 areae
1679 1146 1839 1193 tempo-

126 1207 486 1266 ribus-aequalibus
514 1206 557 1246 in
587 1205 762 1262 syzygiis
783 1213 825 1247 et
845 1194 1108 1261 quadraturis
1138 1205 1368 1261 descriptae‚
1400 1215 1497 1248 sunt
1515 1207 1569 1249 ad
1587 1208 1765 1250 invicem
1793 1218 1840 1252 ut

131 1284 268 1322 11965
290 1277 345 1320 ad
368 1282 519 1319 11865.
580 1275 651 1318 Ad
669 1284 925 1317 momentum
950 1276 1168 1317 minimum
1202 1282 1339 1320 11865
1370 1277 1549 1319 addatur
1567 1287 1837 1332 momentum,

127 1351 240 1409 quod
271 1351 323 1392 sit
353 1350 407 1392 ad
438 1357 744 1391 momentorum
777 1348 1049 1389 differentiam
1087 1355 1167 1391 100
1197 1356 1244 1390 ιιι
1273 1349 1501 1404 trapezium
1533 1351 1568 1392 F
1591 1351 1633 1392 K
1656 1352 1692 1393 C
1714 1352 1841 1395 G·ad

127 1422 380 1480 triangulum
411 1422 452 1463 T
473 1423 510 1464 C
531 1422 574 1464 G
605 1422 652 1478 (Γ)
683 1421 749 1462 vel
773 1410 1077 1477 quod‘perinde
1098 1430 1171 1471 est,
1194 1429 1241 1463 ut
1260 1421 1507 1477 quadratum
1529 1422 1643 1465 sinus
1667 1424 1703 1466 P
1723 1424 1766 1466 K
1786 1426 1841 1467 ad

128 1496 376 1554 quadratum
405 1496 510 1537 radii
539 1495 582 1537 T
603 1495 652 1545 P,
684 1495 730 1550 (¹)
763 1494 826 1550 (id
853 1501 929 1544 est,
959 1502 1007 1535 ut
1038 1494 1075 1535 P
1096 1494 1125 1535 d
1153 1494 1207 1536 ad
1229 1494 1270 1536 T
1292 1495 1346 1548 P)
1377 1502 1418 1537 et
1447 1511 1608 1538 summa
1627 1497 1841 1541 exhibebit

129 1575 387 1611 momentum
407 1582 528 1618 areae,
550 1566 622 1608 ubi
644 1565 766 1608 Luna
786 1574 848 1607 est
866 1565 910 1606 in
930 1564 1023 1607 loco
1043 1565 1188 1621 quovis
1207 1565 1454 1607 intermedio
1476 1567 1525 1608 P.

112 1710 117 1719 “
171 1709 216 1753 (⁰)
245 1712 262 1730 θ
281 1710 326 1741 Et
346 1710 481 1740 velocitas
495 1720 588 1750 quam
611 1709 654 1740 vis
675 1709 809 1739 mam'ma
832 1712 964 1747 tempore

127 1754 230 1795 quovis
247 1755 274 1784 C
287 1755 314 1785 P
324 1759 448 1791 generat
465 1754 506 1783 ad
519 1753 701 1783 velocitatem
711 1762 807 1791 quam
816 1755 966 1789 generant

128 1797 208 1826 vires
221 1805 300 1825 verae
317 1795 347 1825 E
362 1794 391 1826 L
405 1797 506 1826 eodem
520 1800 650 1834 tempore
660 1799 780 1833 agemes
795 1798 831 1823 ut
848 1792 870 1833 ᾗ
893 1794 922 1823 Τ
935 1795 967 1823 P

131 1842 166 1876 Χ
186 1840 213 1871 C
226 1840 256 1870 P
276 1840 318 1868 ad
338 1849 444 1868 aream
458 1840 495 1870 K
507 1840 533 1869 C
552 1839 580 1868 G
594 1839 634 1873 F,
656 1836 830 1866 velocitates
849 1835 963 1876 genitae

129 1886 204 1912 sunt
219 1886 253 1912 ut
267 1880 346 1911 vires
359 1880 471 1920 quibus
485 1886 681 1921 generantur,
705 1879 807 1909 ductae
829 1878 861 1908 in
884 1883 963 1908 vem-

128 1932 188 1963 pus
201 1933 256 1963 per
268 1923 354 1964 quod
364 1930 561 1963 generantur,
574 1933 647 1953 cum
657 1922 761 1962 itaque
771 1926 963 1972 supponatur

128 1977 236 2004 omnes
247 1976 338 1998 arcus
351 1966 406 2005 Pp
410 1966 606 2016 temporibus
613 1963 848 2005 quamproxime
857 1974 962 2004 aequffi

127 2001 211 2041 libus
230 2009 370 2045 describi,
393 2009 419 2039 si
440 2010 463 2039 ii
484 2018 574 2040 arcus
597 2009 626 2039 P
640 2018 661 2046 p
683 2006 816 2047 aequales
829 2006 910 2037 inter
930 2017 963 2037 se

129 2058 292 2084 sumantur
308 2051 383 2092 (vid.
402 2051 498 2083 not-³
513 2051 642 2091 praeced.
648 2051 661 2091 )
677 2049 853 2082 velocitates
873 2049 962 2090 geni-

129 2100 179 2129 ιω,
195 2094 272 2126 dum
286 2104 376 2124 arcus
398 2095 427 2126 P
441 2105 463 2133 p
483 2100 714 2133 percurruntur,
737 2099 811 2123 sunt
831 2098 868 2123 ut
888 2092 963 2131 ipsae

129 2137 208 2167 vires
230 2137 293 2167 sive
317 2142 354 2166 ut
377 2146 457 2166 areae
484 2137 511 2167 F
536 2137 568 2166 K
590 2137 612 2166 k
634 2137 657 2173 f,
683 2134 815 2175 ideoque
840 2145 963 2165 summa

131 2179 328 2210 velocitatum
342 2179 518 2219 genitarum
539 2184 676 2217 tempore
701 2179 726 2208 C
747 2179 783 2214 P,
807 2177 870 2206 sive
884 2177 962 2207 dum

129 2232 219 2252 arcus
232 2223 258 2253 C
273 2220 503 2258 Pdescribitur‚
519 2226 566 2251 est
579 2228 616 2251 ut
630 2227 694 2251 tota
708 2230 778 2250 area
791 2219 825 2249 K
840 2220 866 2250 C
880 2219 910 2249 G
923 2220 960 2256 F,

130 2264 184 2295 sed
195 2265 240 2295 vis
253 2265 287 2295 in
301 2260 474 2295 octantibus
484 2264 548 2294 sive
558 2263 702 2295 velocitas
711 2273 782 2305 quae
796 2262 828 2292 in
843 2267 964 2292 octantu

758 2305 788 2336 T
799 2304 827 2335 P
839 2308 872 2342 Χ
891 2303 918 2335 Ρ
871 2315 960 2368 —p

131 2401 384 2442 quiaeoinloco
405 2401 432 2431 is
454 2407 501 2432 est
521 2401 606 2432 valor
629 2411 708 2432 areae
732 2400 884 2438 Fka,
908 2400 963 2441 qui

131 2444 217 2474 valor
231 2451 276 2475 est
289 2445 354 2484 ipse
367 2444 452 2476 valor
466 2454 545 2474 areae
562 2445 591 2475 P
606 2444 636 2475 T
649 2455 679 2484 p,
703 2454 778 2485 ergo
791 2443 818 2473 si
832 2443 963 2484 singulis

131 2487 297 2519 momentis
314 2488 342 2518 P
350 2498 371 2528 p
385 2486 494 2518 similis
503 2487 646 2518 velocitas
654 2493 859 2528 generaretur,
876 2497 962 2518 sum-

132 2533 185 2560 ma
204 2530 398 2563 velocitatem
420 2529 595 2572 genitarum
618 2536 756 2569 tempore
781 2530 807 2561 C
833 2530 862 2561 P
882 2529 963 2560 foret

132 2573 247 2604 area‘c
263 2573 294 2604 T
312 2573 339 2604 P
359 2572 457 2614 sivea}
473 2573 503 2603 Τ
518 2572 547 2603 Ρ
564 2577 597 2609 Χ
619 2573 645 2604 C
663 2573 701 2608 P,
723 2582 799 2613 ergo
819 2571 963 2603 velocitas

132 2625 226 2656 quam
240 2615 285 2646 vis
299 2616 434 2646 maxima
441 2621 629 2656 -generagest
643 2614 684 2645 ad
697 2625 766 2645 eam
777 2625 871 2655 quam
884 2616 963 2645 vires

132 2667 212 2688 verae
226 2665 384 2699 generant,
400 2663 538 2698 tempore
550 2657 693 2698 utrinque
707 2657 817 2688 eodem
834 2657 860 2688 C
873 2658 910 2695 P,
927 2663 963 2688 ut

133 2699 296 2742 ιξΤΡΧ
318 2700 644 2732 CPadKCGF.

177 2743 223 2785 (¹²)
256 2745 341 2775 Huic
356 2745 461 2775 Lunoe
479 2745 624 2775 iaelocitati
637 2754 706 2784 quoe
719 2754 800 2773 nreae
814 2749 963 2774 momento

133 2787 275 2827 medix-’cn‘
287 2792 329 2818 est
343 2788 480 2826 analoga.
529 2786 622 2817 Areae
635 2791 831 2816 momentum
845 2785 964 2816 medio-

134 2838 185 2858 cre
207 2828 286 2859 illud
309 2834 355 2859 est
378 2828 463 2869 quod
485 2828 579 2859 Luna
600 2828 673 2859 dato
694 2829 809 2869 exiguo
828 2834 966 2868 tempore

133 2877 266 2901 verreret
279 2871 305 2902 si
318 2871 465 2902 uniformi
480 2870 640 2902 velocitate
660 2878 726 2902 toto
748 2882 805 2902 suo
827 2877 965 2909 tempore

133 2913 273 2949 ferrewr,
296 2911 430 2963 eumque
449 2913 540 2944 Luna
560 2924 614 2953 per
631 2914 693 2944 vim
722 2914 750 2944 E
768 2914 797 2945 L
821 2913 912 2944 certis
931 2914 965 2944 in

135 2955 212 2986 locis
225 2956 296 2996 plus
309 2955 451 2987 minusve
463 2956 658 2994 acceleretur,
673 2962 964 2994 areaemomentum,

138 3008 195 3029 seu
214 3009 254 3031 ea
274 3009 353 3030 areae
367 2998 519 3038 particula
531 3009 602 3040 quae
616 2999 689 3030 dato
702 2999 816 3041 exiguo
829 3005 968 3038 tempore

139 3039 332 3080 describitur,
348 3051 432 3072 nunc
443 3041 540 3082 major
550 3052 634 3073 nunc
643 3043 744 3073 minor
752 3047 815 3081 εις
830 3041 884 3072 sed
893 3041 966 3072 cum

131 2339 296 2374 generatur
309 2332 439 2364 durante
453 2338 591 2372 tempore
607 2332 636 2363 P
649 2342 680 2372 p,
696 2338 743 2363 est

1009 1704 1091 1736 orbis
1101 1704 1218 1736 lunaris
1236 1705 1394 1736 circularis
1410 1712 1581 1744 censeatur,
1593 1713 1841 1739 areoemomenta

1008 1753 1081 1778 sunt
1095 1755 1131 1778 ιιι
1145 1758 1234 1778 arcus
1247 1748 1301 1789 qui
1316 1754 1390 1780 sunt
1403 1759 1511 1779 eorum
1525 1751 1623 1786 bases,
1639 1749 1775 1791 cumque
1788 1750 1841 1780 iis-

1007 1790 1079 1820 dem
1094 1791 1284 1830 temporibus
1305 1791 1359 1821 illa
1379 1798 1539 1822 momenta
1551 1791 1660 1832 illique
1681 1803 1771 1823 arcus
1787 1793 1841 1824 de-

1007 1833 1188 1870 scribantur,
1208 1840 1283 1864 sunt
1295 1840 1332 1864 ut
1346 1834 1522 1865 velocitates
1534 1834 1648 1875 quibus
1661 1834 1840 1866 describun-

1007 1881 1068 1906 tur.
1116 1857 1206 1907 Hin'c
1219 1886 1276 1916 pro
1289 1886 1432 1908 arearum
1451 1876 1619 1909 momentis
1631 1876 1707 1917 ipsae
1728 1877 1842 1909 veloci-

1005 1924 1105 1949 tatum
1119 1919 1253 1950 rationes
1265 1925 1475 1950 assumuntur.

1048 1979 1096 2022 (⁴)
1113 1983 1131 2001 ὓ
1145 1982 1291 2013 Addaem·
1300 1987 1329 2012 et
1339 1982 1502 2022 auferatur
1510 1983 1672 2014 dimidium
1682 1984 1841 2015 velocitatis

1006 2025 1141 2055 alterius.
1190 2023 1256 2054 Hic
1284 2023 1414 2054 assumit
1444 2024 1619 2059 Newtonus
1647 2024 1839 2056 velocitatem

1005 2066 1202 2103 mediocrem,
1227 2076 1296 2097 eam
1310 2076 1424 2106 nempe
1434 2067 1496 2107 quii
1511 2068 1611 2098 orbita
1630 2067 1746 2098 lunaris
1760 2074 1840 2098 tem-

1004 2118 1080 2148 pore
1094 2119 1150 2139 suo
1166 2109 1320 2148 periodico
1334 2109 1531 2140 uniformiter
1544 2109 1765 2140 describeretur
1775 2121 1840 2141 esse

1004 2152 1138 2182 mediam
1155 2151 1415 2191 proportionalem
1428 2151 1618 2183 arithmetice
1632 2153 1713 2182 inter
1727 2152 1840 2183 veloci·

1005 2199 1099 2224 tatem
1129 2195 1291 2224 minimam
1319 2200 1350 2225 et
1378 2195 1555 2224 maximam.
1610 2195 1707 2225 Hanc
1734 2201 1840 2226 tamen

1005 2236 1246 2276 propositionem
1275 2237 1363 2277 quasi
1392 2237 1566 2267 evidentem
1591 2247 1747 2268 &sumere
1775 2248 1840 2269 non

1006 2278 1103 2314 licuit,
1131 2279 1156 2308 si
1181 2279 1264 2309 enim
1290 2289 1318 2310 v.
1345 2289 1391 2319 gr.
1421 2279 1538 2310 diutius
1566 2278 1713 2310 durarent
1738 2290 1839 2319 parvae

1005 2321 1179 2352 velocitates
1206 2320 1301 2362 quam
1318 2331 1461 2371 ‘magnag
1498 2322 1643 2353 velocitas
1677 2323 1839 2354 mediocris

1005 2365 1129 2403 propior
1142 2364 1222 2395 foret
1241 2364 1342 2403 parvis
1357 2364 1567 2396 velocitatibus
1580 2375 1674 2406 quam
1696 2367 1837 2407 magnis;

1005 2406 1078 2437 hinc
1092 2408 1274 2446 exponenda
1288 2413 1333 2437 est
1346 2407 1433 2447 prius
1450 2408 1528 2438 ratio
1542 2407 1606 2448 qua
1619 2416 1762 2440 crescunt
1776 2408 1839 2439 iuae

1005 2449 1188 2486 velocitates,
1203 2455 1239 2480 ut
1253 2450 1406 2489 possimus
1416 2461 1548 2482 asserere
1558 2451 1744 2482 mediocrem
1756 2452 1839 2483 velo—

1005 2492 1130 2523 citatem
1160 2493 1263 2524 Lunae
1291 2503 1359 2524 esse
1379 2493 1515 2525 mediam
1540 2493 1731 2525 arithmetice
1759 2494 1840 2525 inter

1004 2541 1165 2567 extremas.
1225 2535 1319 2572 Quod
1347 2535 1475 2586 quidem
1503 2536 1624 2567 efficere
1659 2536 1841 2568 conabimur

1004 2578 1194 2618 problemate
1206 2579 1281 2609 huic
1295 2577 1495 2618 propositioni
1509 2589 1582 2610 mox
1597 2580 1825 2620 subjungendo.

1048 2643 1061 2684 (
1066 2641 1092 2681 )
1109 2644 1127 2662 ¹*
1152 2644 1204 2674 Vel
1217 2644 1297 2684 quod
1307 2643 1433 2682 perinde
1447 2648 1490 2673 est
1503 2649 1539 2673 ιιι
1553 2645 1741 2683 quadratum
1755 2643 1841 2675 sinus

1007 2687 1088 2717 PK
1102 2688 1143 2716 ad
1163 2688 1350 2726 quadratum
1364 2686 1444 2716 radii
1465 2687 1494 2716 T
1510 2687 1536 2715 P
1556 2694 1628 2716 area
1651 2686 1680 2716 T
1698 2685 1724 2716 C
1743 2686 1770 2716 G
1795 2691 1842 2717 est

1005 2727 1046 2759 ad
1060 2738 1163 2758 aream
1180 2728 1256 2760 ΤΚ
1272 2728 1298 2758 F
1314 2734 1350 2759 ut
1363 2727 1458 2768 quad.
1489 2727 1519 2759 T
1537 2729 1563 2758 C
1578 2728 1618 2758 ad
1633 2728 1724 2767 quad.
1759 2729 1789 2760 T
1805 2728 1841 2760 K

1006 2777 1038 2801 et
1051 2770 1217 2801 dividendo
1233 2771 1263 2802 T
1281 2772 1307 2801 C
1326 2771 1356 2801 G
1370 2787 1413 2794 —
1430 2771 1459 2802 T
1474 2770 1506 2801 K
1526 2771 1552 2801 F
1568 2771 1646 2812 (sive
1664 2770 1690 2800 F
1703 2771 1736 2802 K
1751 2771 1777 2802 C
1792 2772 1839 2807 G)

1006 2813 1136 2845 ach
1156 2813 1778 2855 GutTc2—TK215ivePK2)
1801 2814 1842 2845 ad

1010 2857 1040 2887 T
1057 2856 1083 2887 C
1099 2858 1123 2886 ².

1051 2913 1093 2955 (⁸)
1121 2917 1138 2935 ⁸
1162 2916 1602 2946 IdestuthadTPest
1625 2914 1841 2946 PdadPK

1009 2962 1046 2987 ut
1062 2953 1090 2987 P
1108 2957 1195 2987 Kad
1156 2958 1243 2989 ad'r
1259 2958 1288 2988 P
1309 2964 1431 2998 propter
1444 2957 1680 2989 similitudinem
1701 2958 1841 2999 triangu-

1008 2999 1111 3030 lorum
1129 3000 1158 3030 P
1174 3000 1208 3031 K
1223 3000 1255 3037 d,
1275 3001 1303 3031 P
1319 3001 1349 3031 T
1366 3000 1410 3037 K,
1433 3010 1507 3043 ergo
1521 3010 1576 3040 per
1589 3001 1841 3041 compositionum

1009 3042 1814 3075 mfionumesthadTPutPKud'rP‘.

1188 3088 1194 3105 Ι
