2072 3522
159 276 310 319 Lumn
325 276 564 329 Tannus]
601 274 923 319 PRINCIPIA
953 272 1447 317 MATHEMATICA.
1787 280 1865 318 131

159 395 380 451 superabit.
441 394 766 453 Minoreigitur
794 408 890 438 cum
916 395 1119 438 diametro
1146 401 1372 450 apparente
1397 393 1492 448 plus
1526 391 1631 434 lucis
1662 391 1867 444 emittens,

157 467 289 510 multo
307 467 438 525 magis
458 468 730 510 illustrabitur
748 483 774 509 a
795 468 905 519 Sole,
926 468 1103 524 ideoque
1122 468 1200 509 erit
1222 468 1309 510 Soli
1333 465 1466 508 multo
1485 466 1669 521 propior.
1732 465 1869 515 Quin-

158 540 281 581 etiam
300 541 436 595 capita
455 541 532 582 sub
555 540 652 583 Sole
671 540 963 591 delitescentia,
985 548 1027 582 et
1045 539 1198 581 caudas
1217 538 1313 581 cum
1331 538 1532 580 maximas
1551 536 1868 598 tumnfulgentis-

157 615 281 656 simas
300 614 431 656 instar
449 614 630 656 trabium
648 614 873 671 ignitarum
891 627 1188 670 nonnunquam
1202 613 1441 662 emittentia,
1459 611 1605 653 eodem
1625 620 1869 668 argumento

155 684 261 726 infra
291 685 435 726 orbem
470 685 640 726 Veneris
655 685 863 727 ·collocari
891 685 1056 726 debent.
1116 684 1227 725 Nam
1253 684 1327 725 lux
1345 684 1416 725 illa
1436 683 1569 724 omnis
1590 683 1624 724 si
1643 683 1686 724 in
1706 683 1868 725 stellam

155 757 402 814 congregari
432 764 700 812 supponatur,
732 757 866 813 ipsam
894 758 1102 799 Venerem
1129 771 1183 798 ne
1211 757 1347 798 dicam
1377 757 1562 798 Veneres
1591 756 1734 811 plures
1768 771 1868 798 con-

151 829 316 884 junctas
336 827 584 884 quandoque
604 836 829 882 superaret.

214 901 333 942 Idem
361 901 537 957 denique
567 900 775 958 colligitur
803 915 857 942 ex
884 900 978 942 luce
1007 901 1188 956 capitum
1216 908 1426 942 crescente
1453 900 1499 941 in
1532 915 1698 941 recessu
1731 914 1867 941 come-

154 980 293 1014 tarum
321 989 347 1014 a
375 972 509 1015 Terra
541 973 681 1015 Solem
709 971 864 1023 versus,
895 961 944 1014 ac
973 972 1235 1014 decrescente
1266 972 1311 1012 in
1341 986 1487 1013 eorum
1517 986 1680 1013 recessu
1710 987 1735 1012 a
1771 972 1867 1013 Sole

154 1043 298 1085 versus
333 1044 523 1085 Terram.
605 1044 675 1086 Sic
707 1044 819 1085 enim
857 1052 1019 1085 cometa
1054 1044 1260 1098 posterior
1293 1044 1391 1085 anni
1433 1049 1557 1086 1665.
1606 1044 1868 1099 (observante

158 1105 358 1169 Herelio)
388 1131 443 1157 ex
473 1130 556 1173 quo
584 1115 767 1170 conspici
796 1115 934 1171 coepit‚
965 1115 1201 1156 remittebat
1229 1128 1392 1169 semper
1421 1114 1474 1155 de
1501 1121 1619 1165 motu
1645 1129 1720 1154 suo
1741 1129 1868 1170 appa-

153 1200 284 1244 rente,
314 1192 491 1248 ideoque
519 1192 776 1247 praeterierat
804 1192 1057 1248 perigaeum3
1088 1190 1284 1246 splendor
1301 1189 1402 1232 vero
1429 1190 1572 1246 capitis
1600 1189 1868 1231 nihilominus

153 1265 286 1307 indies
315 1265 538 1315 crescebat,
569 1279 700 1321 usque
720 1264 820 1306 dum
841 1272 1001 1306 cometa
1029 1264 1154 1305 radiis
1175 1263 1375 1305 solaribus
1395 1264 1583 1305 obtectus
1602 1262 1723 1304 desiit
1741 1276 1869 1317 appa-

155 1350 260 1378 rere.
324 1336 499 1378 Cometa
532 1336 630 1377 anni
663 1341 786 1378 1683.
816 1336 1078 1391 (observante
1105 1335 1252 1377 eodem
1288 1335 1486 1387 Hevelio)
1518 1336 1562 1376 in
1596 1335 1680 1376 fine
1714 1334 1870 1375 mensis

155 1406 269 1457 Julii,
291 1407 364 1448 ubi
381 1407 563 1461 primum
583 1415 825 1462 conspectus
846 1415 921 1458 est,
941 1407 1174 1449 tardissime
1192 1407 1447 1457 movebatur,
1476 1391 1637 1448 minuta
1654 1406 1792 1462 prima
1811 1411 1868 1447 40

155 1481 222 1522 vel
255 1486 309 1523 45
332 1481 494 1523 circiter
523 1481 693 1538 singulis
723 1481 868 1523 diebus
897 1482 941 1522 in
969 1481 1071 1522 orbe
1100 1495 1176 1522 suo
1200 1479 1437 1522 conficiens.
1497 1479 1568 1522 Ex
1599 1494 1650 1521 eo
1683 1487 1871 1533 tempore

80 1609 83 1616 s
155 1561 292 1595 motus
323 1554 410 1609 ejus
440 1552 612 1594 diurnus
640 1551 844 1608 perpetuo
873 1552 1102 1609 augebatur
1121 1565 1251 1607 usque
1269 1551 1324 1592 ad
1347 1551 1461 1606 Sept.
1483 1556 1523 1592 4.
1545 1549 1713 1607 quando
1742 1549 1871 1591 evasit

158 1622 366 1679 graduum
386 1622 502 1679 quasi
517 1622 710 1678 quinque.
771 1622 905 1679 Igitur
923 1630 1012 1663 toto
1030 1621 1111 1663 hoc
1141 1629 1328 1676 tempore
1347 1627 1507 1662 cometa
1527 1620 1581 1662 ad
1601 1620 1779 1661 Terram
1799 1633 1873 1674 ap-

157 1688 476 1749 propinquabat.
538 1693 591 1734 Id
618 1692 731 1749 quod
751 1693 874 1734 etiam
894 1707 947 1733 ex
967 1692 1168 1733 diametro
1189 1691 1332 1746 capitis
1352 1692 1616 1732 micrometro
1634 1688 1871 1731 mensurata

159 1763 390 1820 colligitur:
422 1763 577 1819 quippe
611 1778 735 1819 quam
768 1762 970 1804 Hevelius
1003 1761 1158 1817 reperit
1188 1762 1301 1818 Aug.
1335 1767 1375 1803 6.
1408 1776 1496 1803 esse
1526 1769 1690 1802 tantum
1724 1762 1777 1803 6'.
1808 1761 1875 1802 δ”.

158 1836 317 1878 inclusa
346 1851 477 1887 coma,
508 1844 551 1878 at
581 1837 694 1892 Sept.
726 1842 766 1878 2.
797 1851 884 1878 esse
914 1838 966 1879 9''.
989 1837 1054 1881 7'‘.
1116 1836 1255 1891 Caput
1282 1835 1409 1893 igitur
1437 1836 1556 1878 initio
1584 1836 1709 1894 longe
1735 1835 1874 1877 minus

159 1910 349 1964 apparuit
365 1909 491 1966 quam
508 1911 552 1951 in
571 1909 655 1951 fine
674 1917 824 1960 motus,
842 1917 885 1951 at
904 1909 1022 1951 initio
1041 1917 1180 1951 tamen
1195 1909 1240 1950 in
1253 1908 1407 1950 vicinia
1427 1909 1535 1950 Solis
1554 1909 1679 1966 longe
1699 1908 1876 1950 lucidius

162 1982 299 2023 extitit
330 1981 455 2039 quam
488 1983 599 2024 circa
631 1982 772 2033 finem,
807 1990 855 2023 ut
886 1981 1012 2024 refert
1043 1981 1155 2023 idem
1188 1980 1404 2023 Hevelius.
1466 1980 1650 2022 Proinde
1677 1987 1766 2022 toto
1794 1974 1877 2021 hoc

161 2062 362 2109 tempore,
392 2054 447 2097 ob
476 2069 682 2096 recessum
711 2054 838 2109 ipsius
859 2070 884 2095 a
906 2054 1016 2105 Sole,
1038 2054 1176 2110 quoad
1194 2053 1336 2096 lumen
1355 2053 1549 2104 decrevit,
1577 2067 1662 2094 non
1688 2052 1878 2094 obstante

162 2139 329 2166 accessu
348 2125 402 2167 ad
422 2125 611 2167 Terram.
663 2124 839 2178 Cometa
852 2125 951 2166 anni
972 2131 1095 2168 1618.
1111 2125 1221 2167 circa
1239 2124 1423 2166 medium
1440 2124 1593 2165 mensis
1610 2122 1872 2173 Decembris,

162 2204 205 2238 et
239 2196 317 2238 iste
348 2196 447 2237 anni
480 2202 602 2238 1680.
634 2196 744 2238 circa
772 2196 899 2237 finem
927 2196 1111 2252 ejusdem
1139 2195 1305 2245 mensis,
1343 2194 1556 2236 celerrime
1590 2194 1874 2244 movebantur,

160 2267 339 2324 ideoque
357 2276 456 2309 tunc
476 2276 593 2310 erant
619 2268 663 2309 in
691 2268 895 2326 perigaeis.
955 2267 1114 2309 Verum
1135 2267 1331 2323 splendor
1349 2267 1554 2308 maximus
1575 2267 1756 2323 capitum
1776 2281 1876 2307 con-

162 2339 256 2395 tigit
275 2347 371 2380 ante
390 2338 493 2381 duas
512 2337 599 2380 fere
617 2339 878 2393 septimanas,
908 2338 981 2380 ubi
1000 2338 1126 2379 modo
1147 2337 1336 2379 exierant
1356 2337 1410 2379 de
1429 2337 1556 2379 radiis
1577 2336 1804 2386 solaribus3
1835 2345 1877 2378 et

164 2411 360 2467 splendor
377 2412 581 2453 maximus
602 2411 827 2453 caudarum
845 2411 972 2467 paulo
992 2418 1100 2462 ante,
1121 2411 1165 2451 in
1179 2411 1335 2465 majore
1349 2409 1556 2452 vicinitate
1575 2408 1696 2451 Solis.
1738 2409 1876 2464 Caput

163 2492 338 2526 cometae
366 2484 531 2540 prioris,
554 2485 677 2540 juxta
695 2484 1000 2526 observationes
1022 2483 1181 2540 Cysati,
1213 2481 1416 2524 Decemb.
1441 2487 1478 2523 1.
1498 2482 1630 2537 majus
1659 2480 1876 2522 videbatur

165 2555 290 2598 stellis
323 2557 470 2612 primae
505 2556 815 2613 magnitudinis,
847 2563 890 2598 et
923 2555 1125 2599 Decemb.
1159 2561 1224 2597 16.
1258 2555 1361 2610 (jam
1391 2554 1436 2595 in
1462 2554 1646 2611 perigaeo
1675 2553 1873 2606 existens)

165 2628 450 2684 magnitudine
478 2642 640 2683 parum,
672 2627 892 2683 splendore
911 2642 986 2669 seu
1006 2627 1189 2669 claritate
1215 2626 1382 2668 luminis
1411 2625 1636 2681 plurimum
1655 2625 1872 2666 defecerat.

167 2699 261 2741 Jan.
284 2704 324 2744 7.
348 2699 555 2756 Keplerus
575 2699 629 2742 de
649 2700 783 2755 capite
800 2699 980 2742 incertus
1000 2700 1125 2742 finem
1143 2699 1240 2741 fecit
1259 2698 1514 2740 observandi.
1573 2699 1657 2741 Die
1680 2704 1732 2739 12
1758 2712 1873 2739 men-

167 2828 317 2868 inciperet
329 2828 422 2868 supra
434 2829 623 2861 horizontem
636 2829 782 2869 conspici.
830 2830 1001 2870 Super-nbat
1040 2828 1193 2860 minorem
1217 2829 1363 2860 coarctari
1390 2834 1422 2860 et
1449 2828 1612 2869 splendore
1635 2828 1729 2870 longe
1753 2828 1872 2859 fortiori

168 2871 265 2913 igitur
286 2872 337 2902 hic
357 2871 501 2911 splendor
521 2872 625 2903 lucem
638 2873 770 2903 nubium
784 2882 883 2913 usque
895 2872 936 2903 ad
949 2883 1000 2902 or-
1037 2872 1106 2913 jam
1119 2870 1238 2902 reddita
1250 2872 1350 2924 magis
1368 2872 1542 2912 conspicua,
1566 2872 1761 2903 Mamurium
1780 2871 1874 2913 longe

169 2920 238 2945 tum
259 2913 347 2950 Solis,
374 2919 406 2944 et
425 2914 603 2946 immediato
625 2915 705 2946 Solis
726 2914 880 2954 splendori
902 2914 1004 2945 solum
1045 2913 1207 2954 superabit,
1233 2914 1374 2955 adeoque
1399 2914 1456 2944 erit
1479 2915 1545 2946 Soli
1568 2914 1704 2945 vicinior.
1752 2914 1874 2946 Diebus

168 2956 307 2988 cedendo
321 2957 462 2987 vincebat
474 2956 568 2997 longe
579 2958 680 2988 lucem
695 2957 836 2988 omnium
845 2957 1004 2988 stellarum
1049 2960 1099 2987 12-
1115 2962 1147 2987 et
1162 2959 1212 2988 15.
1232 2957 1370 2998 ejusdem
1392 2954 1515 2994 mensis,
1541 2957 1641 2989 cauda
1653 2957 1720 2988 haec
1734 2967 1789 2997 per
1801 2967 1872 2996 spa-

169 2998 368 3040 conjunctim.
416 2999 492 3029 Non
507 2999 693 3037 Mercurius,
713 3010 777 3031 non
793 3000 912 3038 Venus,
934 3009 1000 3030 non
1040 2999 1120 3030 tium
1134 2998 1228 3041 longe
1242 3000 1343 3040 majus
1356 2999 1468 3030 diffusa
1481 2999 1623 3039 apparuit
1636 2999 1740 3036 rarior,
1756 3005 1787 3031 et
1801 2999 1873 3029 lucc

170 3041 236 3081 ip&
251 3041 346 3072 Luna
359 3041 394 3071 in
407 3039 494 3072 tanta
516 3040 597 3072 Solis
609 3042 736 3074 orientis
749 3042 902 3073 vicinitate
916 3043 1000 3073 cerni
1041 3047 1145 3072 tamen
1159 3041 1238 3073 adeo
1252 3042 1324 3072 forti
1342 3047 1380 3072 ut
1394 3042 1489 3072 stellis
1502 3042 1572 3073 fixis
1585 3042 1713 3073 vixdum
1724 3051 1875 3081 apparen-

171 3083 258 3114 nolet.
307 3083 479 3124 Fingamus
501 3083 603 3115 lucem
626 3085 743 3116 hancce
766 3085 925 3116 dilatatam
950 3095 1002 3115 co-
1043 3084 1126 3114 tibus
1139 3090 1321 3121 cerneretur,
1331 3090 1363 3115 et
1376 3094 1448 3114 mox
1463 3084 1558 3116 trabis
1570 3085 1686 3116 mirum
1699 3084 1732 3116 iu
1743 3084 1873 3115 modum

172 3126 280 3158 arctari
306 3132 338 3157 et
361 3126 394 3156 in
420 3127 525 3157 orbem
551 3126 653 3158 nuclei
677 3127 817 3159 cometici
844 3127 1003 3159 Mercurio
1043 3126 1192 3168 fulgentis
1205 3127 1338 3167 speciem
1350 3126 1497 3162 exhibuit.
