2072 3522
139 285 289 328 Lmen
303 282 541 338 Tnn'rms]
585 284 906 328 PRINCIPIA
938 284 1432 328 MATHEMATICA.
1771 289 1845 325 181

136 396 262 439 datur
289 413 315 439 a
346 397 567 454 superficie
595 398 742 441 Terrae
771 398 825 440 ad
854 398 1114 440 altitudinem
1143 397 1455 444 semi-diametri
1483 398 1606 439 unius
1630 398 1848 447 terrestris,

132 471 266 512 rarior
285 470 338 512 sit
357 470 480 527 quam
496 471 614 527 apud
630 486 710 514 nos
729 471 774 512 in
793 471 952 512 ratione
970 470 1096 528 longe
1114 469 1274 525 majori,
1296 483 1421 525 quam
1442 469 1562 524 spatii
1581 469 1715 511 omnis
1743 468 1851 509 infra

132 543 278 584 orbem
309 543 480 586 Saturni
506 543 562 585 ad
589 543 763 600 globum
791 543 994 585 diametro
1021 542 1141 599 digiti
1169 541 1291 582 unius
1320 539 1587 598 descriptum.
1661 539 1850 596 Ideoque

131 616 282 672 globus
301 616 409 659 ae’ris
423 616 556 658 nostri
567 616 744 673 digitum
756 631 887 658 unum
905 616 1026 667 latus,
1046 615 1094 657 ea
1112 630 1207 658 cum
1220 615 1387 656 raritate
1407 629 1531 671 quam
1545 614 1717 656 haberet
1730 614 1775 654 in
1789 612 1849 655 al-

126 686 305 729 titudine
319 672 630 729 semi-dia'metri
644 688 767 729 unius
782 688 999 738 terrestris,
1016 686 1208 743 impleret
1219 701 1363 728 omnes
1381 686 1642 741 planetarum
1655 686 1846 743 regiones

129 774 262 816 usque
282 760 336 801 ad
356 760 564 816 sphaeram
586 761 755 803 Saturni
773 771 815 803 et
833 760 957 818 longe
976 759 1097 802 ultra.
1158 759 1342 803 Proinde
1362 758 1458 803 cum
1476 761 1549 802 ae'r
1568 759 1705 800 adhuc
1724 758 1846 800 altior

128 831 173 871 in
202 831 450 872 immensum
479 840 674 883 rarescat,
705 841 747 874 et
767 847 888 874 coma
907 847 980 874 seu
999 831 1278 888 atmosphaera
1297 839 1482 881 cometae,
1509 829 1772 872 ascendendo
1791 829 1844 871 ab

128 902 237 944 illius
258 911 414 954 centro,
437 904 554 960 quasi
574 904 752 959 decuplo
774 905 895 946 altior
914 906 968 948 sit
982 904 1106 962 quam
1122 905 1360 961 superficies
1379 904 1529 955 nuclei,
1547 903 1698 946 deinde
1714 903 1844 944 cauda

132 973 273 1015 adhuc
302 974 424 1016 altius
454 975 662 1026 ascendat,
695 976 863 1018 debebit
892 977 1026 1019 cauda
1048 991 1137 1022 esse
1157 976 1280 1033 quam
1300 976 1519 1018 rarissima.
1580 975 1638 1017 Et
1657 975 1843 1032 quamvis

127 1045 182 1086 ob
220 1044 344 1102 longe
378 1046 622 1087 crassiorem
652 1055 908 1089 cometarum
938 1047 1268 1102 atmosphaeram,
1309 1061 1587 1104 magnamque
1618 1060 1842 1101 corporum

125 1117 440 1174 gravitationem
463 1118 604 1161 Solem
623 1133 779 1170 versuS,
807 1127 848 1162 et
873 1120 1188 1177 gravitationem
1218 1118 1515 1174 particularum
1533 1117 1638 1160 ae‘ris
1658 1126 1699 1159 et
1718 1132 1843 1172 vapo-

125 1205 219 1232 rum
238 1191 346 1233 inse
364 1190 525 1242 mutuo,
545 1191 638 1234 fieri
656 1193 788 1248 possit
806 1201 855 1235 ut
873 1195 944 1235 ae'r
963 1193 1007 1236 in
1027 1194 1166 1250 spatiis
1188 1192 1569 1248 coelestibusainque
1589 1200 1843 1234 cometarum

125 1261 270 1303 caudis
308 1276 396 1304 non
435 1261 541 1304 adeo
590 1272 796 1314 rarescat3
845 1265 1119 1322 perexiguam
1168 1272 1308 1306 tamen
1348 1264 1618 1320 quantitatem
1657 1263 1763 1306 ae'ris
1803 1271 1844 1304 et

123 1348 328 1389 vaporum
357 1335 412 1377 ad
441 1335 582 1378 omnia
609 1336 680 1378 illa
709 1337 935 1379 caudarum
962 1336 1238 1392 phaenomena
1268 1333 1432 1377 abunde
1451 1334 1650 1384 sufficere,
1682 1349 1736 1376 ex
1764 1333 1842 1375 hac

122 1408 431 1463 computatione
449 1409 716 1466 perspicuum
745 1417 819 1452 est.
881 1409 991 1451 Nam
1011 1417 1054 1451 et
1072 1408 1298 1451 caudarum
1316 1407 1490 1464 insignis
1516 1406 1663 1448 raritas
1683 1405 1843 1462 colligi-

121 1488 193 1521 tur
221 1496 276 1522 ex
305 1482 424 1524 astris
454 1497 531 1538 per
560 1498 628 1525 eas
659 1483 1016 1526 translucentibus.
1076 1481 1370 1538 Atmosphaera
1388 1480 1593 1523 terrestris
1617 1480 1711 1522 luce
1734 1480 1841 1522 Solis

122 1552 358 1608 splendens,
382 1554 655 1597 crassitudine
674 1554 748 1596 sua
767 1569 996 1610 paucorum
1015 1554 1265 1604 milliarium,
1288 1561 1330 1594 et
1349 1560 1458 1594 astra
1478 1551 1619 1593 omnia
1638 1558 1680 1593 et
1708 1550 1841 1606 ipsam

123 1624 288 1665 Lunam
323 1625 518 1668 obscurat
551 1634 593 1668 et
624 1627 829 1684 extinguit
861 1628 1050 1682 penitus:
1094 1641 1171 1682 per
1204 1627 1448 1668 immensam
1482 1623 1580 1667 vero
1615 1624 1841 1666 caudarum

121 1696 454 1748 crassitudinem,
485 1697 578 1739 luce
605 1698 761 1753 pariter
790 1698 915 1739 solari
933 1698 1190 1749 illustratam,
1222 1705 1332 1739 astra
1350 1697 1522 1738 minima
1541 1696 1628 1737 sine
1648 1695 1841 1737 claritatis

118 1768 368 1813 detrimento
399 1770 654 1812 translucere
686 1778 930 1812 noscuntur.
1009 1771 1159 1827 Neque
1192 1771 1325 1825 major
1356 1784 1445 1810 esse
1477 1768 1583 1810 solet
1612 1767 1840 1809 caudarum

116 1837 394 1895 plurimarum
423 1840 634 1896 splendor,
666 1839 791 1897 quam
812 1841 918 1883 aistis
937 1841 1070 1884 nostri
1098 1841 1143 1882 in
1163 1840 1383 1882 tenebroso
1403 1839 1594 1881 cubiculo
1621 1838 1838 1880 latitudine

117 1912 238 1970 digiti
257 1913 379 1954 unius
400 1913 630 1955 duorumve
649 1914 786 1956 lucem
808 1914 916 1957 Solis
936 1914 980 1955 in
993 1915 1144 1970 jubare
1163 1914 1422 1965 reflectentis.

178 1983 279 2034 Quo
311 1984 509 2039 temporis
546 1985 679 2040 spatio
711 1999 842 2039 vapor
874 2000 899 2026 a
934 1985 1067 2040 capite
1099 1984 1153 2026 ad
1192 1985 1414 2026 terminum
1454 1983 1598 2025 caudae
1636 1983 1834 2033 ascendit,

117 2057 170 2110 (d)
198 2057 394 2114 cognosci
423 2055 510 2098 fere
538 2065 676 2112 potest
704 2057 895 2099 ducendo
923 2065 1078 2098 rectam
1107 2072 1132 2098 a
1160 2056 1337 2098 termino
1366 2055 1510 2097 caudae
1531 2056 1584 2097 ad
1608 2055 1760 2105 Solem,
1793 2061 1835 2095 et

113 2170 208 2212 quare
222 2172 334 2212 globus
347 2171 425 2202 a'elris
440 2172 534 2202 nostri
555 2171 687 2212 digitum
702 2182 803 2202 unum
818 2172 899 2202 latus
913 2170 950 2202 ea
992 2170 1218 2211 propressivum
1237 2181 1331 2212 quem
1352 2170 1424 2201 ante
1446 2180 1606 2202 ascensum
1622 2180 1715 2201 suum
1737 2171 1830 2200 habe-

114 2224 187 2244 cum
211 2214 334 2244 raritate
357 2224 452 2254 quam
477 2215 602 2244 haberet
622 2214 655 2244 in
676 2214 839 2247 altitudine
859 2214 949 2245 semi-
991 2216 1053 2250 bat,
1077 2214 1244 2252 componit.
1294 2213 1355 2244 Sed
1376 2223 1431 2252 per
1446 2214 1545 2243 varias
1558 2213 1719 2243 methodos
1734 2211 1828 2251 paulo

112 2256 254 2286 diametri
275 2256 369 2286 unius
389 2257 545 2292 ten-esuis,
567 2257 708 2296 impleret
722 2267 830 2287 omnes
843 2257 949 2296 plane-
991 2255 1063 2287 ante
1078 2256 1242 2296 explicatas
1253 2255 1383 2286 inveniri
1392 2260 1492 2295 potest
1502 2261 1626 2295 tempus
1635 2265 1698 2296 quo
1709 2261 1829 2287 cometa

112 2305 215 2328 tarum
236 2299 376 2339 regiones
392 2309 487 2340 usque
508 2298 549 2331 ad
563 2300 713 2340 sphaeram
733 2299 858 2331 Saturni
872 2305 904 2330 et

111 2340 206 2382 longe
222 2340 310 2372 ultra.

155 2426 198 2468 (ἀ)
219 2430 287 2458 169.
311 2429 327 2447 ¹*
348 2428 490 2468 Cognosci
498 2427 572 2470 ser&
585 2434 695 2468 potest.
739 2427 868 2460 Referat
884 2428 906 2460 S

114 2469 229 2506 Solem,
250 2470 280 2500 A
299 2470 327 2500 Β
342 2471 524 2511 trajectoriae
542 2471 700 2501 cometicae
720 2471 902 2510 portionem.

114 2511 162 2541 Sit
179 2512 210 2542 N
225 2518 354 2542 cometae
369 2512 500 2543 nucleus
514 2515 553 2543 ab
570 2513 601 2543 A
616 2516 720 2543 versus
738 2514 766 2543 B
780 2523 906 2554 progre-

111 2553 209 2590 diens,
235 2555 262 2586 C
283 2555 434 2586 terminus
454 2555 571 2585 caudae.
620 2555 765 2586 Ducatur
785 2562 868 2586 recta
887 2565 907 2586 a

110 2596 242 2627 termino
256 2597 311 2628 illo
327 2598 352 2628 C
368 2597 409 2628 ad
420 2597 534 2634 Solem,
546 2603 699 2637 punctum
713 2598 743 2635 d,
756 2598 810 2629 ubi
824 2604 907 2629 recta

111 2639 312 2679 trajectoriam
327 2646 417 2677 secat,
428 2640 602 2680 designabit
615 2640 720 2671 locum
731 2650 768 2671 ex
780 2650 843 2680 quo
853 2650 905 2670 va.-

110 2690 168 2720 por
180 2681 214 2711 in
228 2683 360 2712 termino
373 2682 482 2714 caudae
492 2683 655 2713 ascendere
665 2683 756 2722 coepit
766 2693 786 2713 a
794 2683 904 2722 capite,

111 2723 137 2753 si
151 2733 246 2762 vapor
260 2724 313 2754 ille
326 2724 411 2756 recta
425 2725 567 2756 ascendat
581 2736 600 2755 a
617 2725 697 2756 Sole.
747 2725 833 2761 Quia
846 2736 903 2756 au-

110 2771 174 2796 tem
187 2776 282 2805 vapor
297 2777 359 2797 non
371 2767 455 2798 recta
467 2768 605 2798 ascendit
613 2778 632 2798 a
645 2768 726 2805 Sole,
738 2767 792 2798 sed
806 2768 904 2808 vergit

110 2818 216 2839 versus
230 2815 330 2848 partes
354 2809 396 2846 A,
417 2820 494 2851 quas
507 2817 626 2841 cometa
647 2810 771 2850 reliquit
794 2810 901 2851 (164.)

110 2856 222 2891 agatur
234 2858 318 2882 recta
334 2853 356 2883 S
368 2852 406 2888 E.
422 2853 567 2892 parallela
581 2853 768 2893 longitudini
782 2852 900 2889 caudae,

110 2893 159 2923 vel
180 2893 283 2932 potius
308 2895 362 2936 (ob
377 2900 496 2925 motum
524 2896 728 2926 curvilineum
754 2895 898 2934 cometae)

109 2942 193 2966 recta
206 2936 260 2966 illa
273 2947 292 2966 a
306 2935 388 2966 linea
402 2937 508 2967 caudae
522 2937 670 2978 diver-gat,
685 2943 778 2978 atque
792 2937 901 2978 trajec-

110 2978 219 3008 toriam
241 2985 369 3008 cometae
389 2979 500 3010 alieubi
522 2980 692 3017 intersecet,
715 2979 792 3018 puta
806 2980 839 3009 in
856 2980 901 3017 D,

109 3030 204 3059 vapor
217 3021 271 3061 qui
291 3031 374 3051 nunc
388 3021 555 3052 terminum
569 3022 676 3053 caudae
692 3022 861 3059 constituit,
884 3032 904 3053 a
1383 3059 1386 3061 Α

110 3063 222 3093 nucleo
244 3063 523 3103 ooepit-ascendere
544 3064 620 3095 dum
641 3071 762 3095 cometa
782 3065 816 3094 in
837 3064 945 3104 trajec-
988 3065 1092 3097 locum
1123 3067 1158 3098 D
1186 3067 1354 3108 occupavit,
1386 3072 1418 3098 et
1446 3072 1545 3107 potest
1569 3066 1689 3097 definiri
1711 3072 1828 3108 quanto

110 3104 196 3135 toriae
216 3116 282 3136 suae
303 3106 371 3136 loco
396 3106 429 3136 D
451 3108 643 3145 versabatur-5
674 3108 724 3137 hic
749 3107 833 3137 enim
852 3117 946 3146 vapor
988 3109 1133 3148 temporis
1158 3110 1256 3150 spatio
1282 3121 1361 3148 opus
1384 3111 1423 3139 sit
1450 3117 1484 3140 ut
1504 3115 1625 3140 cometa
1646 3109 1826 3150 trajector-ia·

110 3155 184 3177 cum
216 3154 305 3179 motu
332 3147 475 3180 ascensus
502 3160 521 3180 a
552 3149 632 3188 Sole,
664 3156 786 3181 motum
815 3155 944 3181 cometae
988 3152 1159 3191 portionem
1186 3153 1218 3184 D
1241 3153 1284 3191 N,
1308 3152 1502 3194 longitudine
1524 3152 1636 3189 datam,
1659 3156 1825 3193 percurrat,
