2072 3522
252 265 333 303 182
661 256 1114 301 PHILOSOPHIAE
1146 256 1509 302 NATURALIS
1557 260 1653 314 [DE
1668 260 1829 304 Mum).
1846 262 1969 306 Sisar.

251 374 437 418 notando
466 374 604 416 locum
633 371 707 415 ubi
734 381 849 416 recta
878 372 949 414 illa
968 372 1245 429 trajectoriam
1265 381 1388 416 secat.
1449 374 1558 416 Nam
1579 389 1710 431 vapor
1728 376 1772 418 in
1792 376 1970 419 termino

251 448 410 499 caudae,
443 447 478 489 si
507 454 621 489 recta
649 447 845 489 ascendat
874 461 899 488 a
930 446 1040 497 Sole,
1071 447 1295 489 ascendere
1314 447 1440 504 coepit
1458 463 1483 490 a
1502 448 1648 504 capite,
1678 465 1762 507 quo
1781 458 1970 507 tempore

254 527 379 574 caput
398 526 487 560 erat
506 518 550 560 in
569 518 663 561 loco
682 519 995 562 intersectionis.
1047 520 1107 561 At
1125 535 1255 576 vapor
1274 535 1358 562 non
1377 519 1491 563 recta
1510 522 1695 564 ascendit
1713 538 1738 564 a
1759 523 1870 575 Sole,
1893 524 1967 566 sed

249 600 412 634 motum
442 598 628 642 cometae,
661 606 785 647 quem
809 592 911 634 ante
940 605 1155 633 ascensum
1177 606 1298 634 suum
1318 591 1510 643 habebat,
1541 593 1771 644 retinendo,
1801 602 1843 636 et
1871 609 1967 637 cum

251 672 369 706 motu
391 663 584 707 ascensus
614 664 677 705 sui
707 648 885 706 eundem
905 664 1207 720 componendO,
1238 665 1421 707 ascendit
1448 665 1624 722 oblique.
1686 666 1813 709 Unde
1831 669 1966 710 verior

250 737 329 778 erit
353 737 627 779 Problematis
644 736 807 787 solutio,
828 725 875 779 ut
895 745 1007 779 recta
1026 737 1109 788 illa,
1131 753 1225 794 quae
1245 729 1391 780 orbem⁸
1408 747 1529 790 secat,
1550 738 1746 794 parallela
1761 740 1813 782 sit
1830 741 1964 799 longi-

252 809 388 851 tudini
423 809 580 860 caudae,
617 810 683 851 vel
702 809 841 865 potius
877 810 950 865 (ob
980 819 1142 853 motum
1172 811 1441 853 curvilineum
1470 813 1658 865 cometae)
1695 821 1743 855 ut
1769 813 1913 856 eadem
1939 830 1965 856 a

248 881 357 923 linea
378 882 522 923 caudae
543 881 742 939 divergat.
806 881 906 923 Hoc
926 889 1049 937 pacto
1069 882 1206 924 inveni
1227 882 1341 939 quod
1361 897 1503 938 vapor,
1525 883 1597 939 qui
1616 891 1705 925 erat
1723 884 1766 925 in
1786 885 1964 927 termino
2016 904 2019 910 N

248 951 393 994 caudae
413 952 507 995 Jan.
529 957 597 994 25.
621 951 843 994 ascendere
864 961 1046 1008 coeperat
1065 968 1089 994 a
1109 953 1242 1009 capite
1262 962 1357 995 ante
1377 952 1483 996 Dec.
1510 959 1575 995 ll.
1596 953 1771 1011 ideoque
1790 969 1964 998 ascensu

246 1040 323 1067 suo
343 1033 444 1076 toto,
468 1026 556 1067 dies
576 1025 671 1080 plus
691 1030 746 1067 45
768 1034 1093 1081 consumpserat.
1154 1027 1215 1068 At
1234 1026 1367 1068 cauda
1396 1026 1466 1068 illa
1484 1027 1619 1069 omnis
1640 1042 1734 1084 quae
1763 1026 1870 1070 Dec.
1894 1034 1961 1071 10.

246 1097 452 1153 apparuit,
484 1096 727 1138 ascenderat
755 1095 889 1152 spatio
918 1096 1078 1138 dierum
1109 1096 1276 1139 iHorum
1296 1097 1486 1150 duorum,
1511 1097 1582 1154 qui
1601 1113 1627 1139 a
1646 1107 1834 1155 tempore
1850 1100 1962 1155 peri-

243 1168 344 1209 helii
364 1175 539 1210 cometae
559 1167 688 1223 elapsi
708 1167 884 1209 fuerant.
936 1168 1081 1223 Vapor
1099 1168 1226 1226 igitur
1245 1169 1322 1211 sub
1341 1168 1459 1210 initio
1477 1169 1521 1210 in
1539 1169 1689 1212 vicinia
1705 1170 1812 1212 Solis
1831 1170 1955 1213 celer-

245 1240 350 1282 rime
371 1240 634 1290 ascendebat,
667 1248 708 1282 et
736 1248 880 1296 postea
901 1255 996 1282 cum
1017 1250 1133 1283 motu
1158 1256 1234 1297 per
1252 1242 1495 1300 gravitatem
1515 1258 1632 1285 suam
1651 1258 1812 1300 semper
1831 1252 1960 1286 retar-

244 1313 344 1355 dato
373 1312 597 1355 ascendere
625 1312 851 1370 pergebat3
889 1321 930 1355 et
958 1314 1223 1356 ascendendo
1251 1315 1430 1372 augebat
1458 1314 1759 1373 longitudinem
1787 1316 1959 1358 caudae:

243 1385 376 1427 cauda
404 1393 557 1436 autem,
590 1384 789 1441 quamdiu
820 1387 1023 1442 apparuit,
1054 1401 1108 1428 ex
1136 1401 1290 1443 vapore
1318 1387 1404 1430 fere
1433 1389 1547 1430 omni
1576 1389 1804 1440 constabat,
1835 1389 1906 1446 qui
1934 1405 1960 1431 a

243 1465 433 1513 tempore
451 1456 643 1512 perihelii
663 1457 906 1499 ascenderat
917 1473 929 1508 3
961 1465 1002 1499 et
1022 1472 1165 1513 vapor,
1188 1458 1260 1515 qui
1279 1459 1438 1514 primus
1457 1459 1655 1511 ascendit,
1676 1468 1719 1502 et
1737 1460 1959 1502 terminum

244 1530 388 1573 caudae
419 1530 664 1587 composuit,
697 1545 783 1572 non
811 1529 926 1586 prius
957 1531 1123 1573 evanuit
1152 1530 1278 1588 quam
1297 1531 1353 1574 ob
1373 1519 1542 1574 nimiam
1571 1547 1689 1575 suam
1708 1540 1792 1575 tam
1813 1547 1838 1574 a
1860 1514 1968 1575 Sole'

243 1643 378 1687 ideoque
392 1645 554 1677 habebitur
569 1644 709 1684 proxime
723 1650 753 1676 te
787 1654 847 1684 pus
861 1654 924 1685 quo
939 1653 1033 1684 vapor
1043 1644 1084 1675 ad
1133 1649 1155 1676 3

241 1688 409 1718 terminum
426 1688 534 1718 caudae
555 1687 703 1718 ascendit.
778 1686 855 1717 imili
874 1686 968 1717 modo
982 1687 1083 1717 deter-
1126 1689 1166 1728 Ῑῖ
1181 1672 1318 1711 partibus
1332 1671 1484 1703 diffamia*
1501 1672 1606 1704 Terra
1619 1682 1639 1703 Β
1655 1671 1738 1711 3⁰¹⁶,
1753 1676 1786 1703 et
1798 1670 1959 1721 1²ow
1985 1714 1993 1722 ,

241 1731 354 1761 minari
369 1735 469 1769 potest
483 1729 630 1768 temporis
644 1729 778 1768 spatium
789 1739 851 1771 quo
865 1739 960 1769 vapor
974 1739 1081 1760 ascen—

243 1771 291 1803 dit
305 1772 345 1803 ad
359 1772 466 1803 datum
481 1772 591 1802 caudae
605 1778 768 1810 punctum.

288 1817 359 1846 170.
385 1814 437 1845 Ex
458 1814 506 1844 his
526 1824 596 1854 quae
613 1813 653 1844 de
667 1820 856 1844 cometarum
879 1813 987 1845 caudis
1007 1814 1081 1845 hac-

241 1862 333 1888 tenus
347 1857 428 1888 dicta
442 1863 524 1893 sunt,
536 1862 736 1893 cometarum,
747 1856 886 1897 quandiu
901 1856 990 1887 nobis
1005 1866 1080 1887 con·

241 1899 341 1939 spicui
355 1906 438 1935 sunt,
455 1899 591 1929 maxima
604 1897 757 1938 possibilis
771 1898 915 1929 distantia
929 1909 947 1928 a
965 1898 1036 1929 Sole
1048 1906 1081 1929 et

244 1941 341 1973 Terra
355 1941 475 1972 definiri
490 1947 599 1980 potest.
643 1940 771 1971 Referat
786 1941 808 1971 S
826 1941 940 1978 Solem,
955 1941 984 1972 T
1001 1941 1079 1971 Ter·

243 1995 322 2021 ram,
347 1985 369 2016 S
386 1985 415 2015 T
433 1985 463 2014 A
486 1983 662 2014 distantiam
684 1989 812 2014 cometae
833 1994 852 2014 a
876 1983 954 2018 Sole,
979 1982 1079 2023 sitque

245 2027 277 2058 A
295 2027 324 2058 Τ
341 2027 380 2063 Β,
403 2036 554 2066 apparens
572 2025 735 2067 longitudo
752 2026 869 2057 caudae.
920 2025 1079 2061 Quoniam

241 2069 297 2100 lux
312 2075 498 2110 propagatur
511 2079 531 2099 a
544 2068 676 2106 termino
690 2068 797 2099 caudae
813 2068 986 2100 secundum
1000 2068 1077 2099 line-

241 2122 293 2142 am
308 2118 422 2142 rectam
439 2112 468 2143 T
485 2111 525 2146 B,
548 2111 699 2150 reperitur
719 2111 870 2142 terminus
890 2110 943 2141 ille
964 2110 1078 2141 alicubi

241 2154 275 2185 in
290 2154 372 2185 lineii
389 2155 418 2185 T
432 2154 471 2191 B,
487 2153 564 2194 puta
578 2153 611 2184 in
629 2154 672 2184 D.
701 2153 859 2195 Jungatur
876 2153 908 2185 D
923 2153 955 2192 S,
972 2162 1078 2184 secans

240 2197 355 2228 lineam
373 2197 402 2228 T
420 2197 451 2227 A
466 2196 499 2227 in
517 2196 554 2233 C,
570 2201 602 2226 et
615 2196 688 2236 quia
702 2196 801 2227 cauda
814 2205 934 2236 semper
948 2196 1077 2235 opponi-

240 2245 293 2270 tur
332 2239 396 2270 Soli
431 2237 675 2280 quamproxime,
718 2237 851 2280 ideoque
882 2239 945 2274 Sol,
983 2245 1077 2277 caput

240 2288 370 2313 cometae
390 2288 421 2313 et
441 2281 592 2312 terminus
612 2280 720 2311 caudae
735 2281 841 2322 jacent
861 2281 895 2311 in
914 2281 1075 2318 directum,

240 2324 390 2364 reperitur
417 2330 510 2364 caput
539 2329 668 2354 cometae
696 2323 730 2353 in
762 2325 798 2355 C.
849 2324 956 2355 Rectae
987 2324 1016 2354 T
1034 2323 1075 2360 B,

240 2373 351 2408 agatur
364 2367 510 2406 parallela
533 2366 556 2397 S
573 2366 613 2402 A,
636 2375 799 2397 occurrens
817 2365 908 2396 lineae
931 2366 961 2397 T
978 2366 1020 2403 A,
1042 2366 1076 2395 in

243 2410 285 2446 A,
310 2415 404 2449 caput
426 2414 554 2440 cometae
578 2409 604 2440 C
623 2408 794 2440 necessarie>
809 2409 978 2448 reperietur
996 2409 1077 2438 inter

243 2452 273 2483 T
294 2457 325 2482 et
348 2452 388 2488 A,
411 2461 485 2482 nam
506 2450 658 2482 terminus
673 2451 781 2482 caudae
794 2451 948 2490 reperitur
962 2450 1076 2481 alicubi

239 2494 273 2525 in
295 2493 378 2525 linea
398 2492 521 2525 infinita
544 2494 574 2524 T
591 2494 632 2531 B,
654 2499 686 2524 et
707 2493 797 2525 lineae
812 2503 919 2524 omnes
933 2499 970 2524 ut
991 2493 1013 2524 S
1030 2493 1074 2530 D,

239 2547 310 2578 quae
324 2539 363 2568 ab
388 2536 410 2568 S
431 2536 472 2568 ad
492 2536 607 2566 lineam
624 2536 654 2567 T
671 2536 699 2567 B
715 2535 787 2567 duci
807 2542 948 2576 possunt,
971 2542 1076 2566 secant

239 2579 354 2611 lineam
368 2579 397 2611 T
410 2580 451 2616 A,
461 2578 575 2610 alicubi
589 2579 671 2610 inter
684 2579 753 2609 Tet
766 2579 808 2610 A.
839 2577 946 2615 Quare
957 2584 1076 2609 cometa

241 2632 306 2652 non
328 2627 429 2662 potest
449 2621 575 2662 longius
595 2623 700 2659 abesse
714 2632 733 2651 a
749 2619 846 2652 Terra
865 2620 960 2661 quam
981 2621 1075 2651 inter-

239 2664 321 2695 vallo
348 2664 378 2696 T
396 2664 439 2702 A,
463 2674 521 2695 nec
545 2674 565 2694 a
591 2663 663 2694 Sole
687 2662 783 2706 quam
807 2663 968 2694 intervallo
994 2663 1016 2694 S
1043 2664 1074 2693 A

240 2707 322 2738 ultra
353 2706 467 2744 Solem,
497 2706 546 2737 vel
578 2707 599 2737 S
629 2706 668 2744 T,
699 2705 784 2738 citra.
847 2705 1004 2745 Exemplo
1035 2705 1075 2735 sit

240 2755 362 2780 cometa
383 2759 432 2780 an·
453 2751 546 2780 1680.
565 2755 686 2780 cometa
706 2748 760 2779 ille
778 2747 828 2779 die
846 2751 894 2778 12.
916 2749 994 2779 Dec.
1013 2747 1075 2778 dis-

240 2793 324 2822 tabat
348 2791 396 2824 90.
415 2802 434 2822 a
455 2791 527 2822 Sole
549 2798 581 2828 et
601 2791 766 2832 longitudo
785 2791 892 2821 caudae
915 2796 980 2821 erat
1000 2789 1072 2822 350.

243 2833 350 2870 Quare
364 2840 557 2865 construatur
571 2833 764 2875 triangulum
781 2833 810 2864 T
824 2833 845 2864 S
860 2835 900 2870 A,
917 2832 1007 2873 cujus
1020 2842 1075 2863 an-

239 2876 334 2917 gulus
351 2877 380 2907 T
395 2876 521 2917 aequalis
543 2876 583 2906 sit
604 2876 757 2907 distantiae
773 2875 821 2908 90.
839 2881 871 2906 et
884 2875 1026 2916 angulus
1043 2876 1074 2906 A

239 2929 294 2948 seu
309 2919 445 2959 angulus
463 2919 491 2949 A
511 2919 539 2949 Τ
558 2919 586 2949 Β
602 2918 728 2959 aequalis
742 2918 781 2948 sit
794 2917 984 2958 longitudini
1000 2927 1075 2948 cau-

240 2960 290 2991 dae
304 2960 374 2991 350*-
393 2961 451 2991 erit
468 2961 490 2991 S
507 2961 537 2991 A
553 2960 593 2991 ad
610 2961 632 2992 S
648 2961 687 2998 T,
703 2960 736 2991 id
750 2966 803 2995 est,
827 2959 916 2990 limes
930 2959 1076 2990 maximoe

239 3002 390 3043 possibilis
410 3003 562 3034 distantiae
582 3009 711 3034 cometae
733 3013 761 3034 a·
775 3002 846 3033 Sole
860 3001 899 3033 ad
914 3001 1073 3032 semi-dia-

239 3051 374 3075 metrum
388 3046 469 3075 orbis
482 3044 590 3086 magni
604 3051 641 3076 ut
654 3046 739 3076 sinus
750 3043 857 3085 anguli
871 3044 910 3082 T,
923 3045 962 3075 ad
972 3044 1076 3074 sinum

240 3086 349 3128 anguli
368 3088 408 3124 A,
424 3088 482 3118 hoc
497 3094 551 3123 est,
568 3093 604 3118 ut
617 3091 648 3119 5.
667 3087 706 3120 ad
726 3091 772 3118 11.
791 3086 919 3117 circiter.
968 3085 1075 3123 Quare

241 3136 360 3161 cometa
381 3139 419 3160 eo
439 3135 576 3169 tempore
598 3130 701 3161 minus
715 3130 845 3161 distabat
859 3139 878 3160 a
893 3128 965 3160 Sole
979 3127 1074 3172 quam

1121 1742 1296 1771 versabatur
1319 1729 1375 1771 aut
1397 1739 1478 1772 intra
1502 1741 1608 1771 ‘orbem
1633 1741 1784 1772 Mercurii
1804 1745 1859 1770 aut
1877 1738 1958 1770 inter

1119 1784 1226 1813 orbem
1240 1783 1332 1813 illum
1353 1790 1390 1824 et,
1407 1783 1544 1814 Terram.
1594 1783 1717 1814 Rursus
1730 1783 1782 1815 die
1799 1785 1850 1815 21.
1872 1781 1951 1813 nec.·

1118 1850 1262 1883 distantia
1276 1857 1403 1883 cometae
1417 1862 1437 1883 a
1453 1851 1524 1883 Sole
1539 1856 1603 1882 erat
1618 1829 1744 1911 320.}
1753 1857 1784 1883 et
1793 1852 1957 1894 longitudo
1986 1881 1991 1886 .

1117 1947 1224 1979 caudae
1246 1946 1316 1979 70⁰.
1334 1945 1411 1989 ergo
1425 1952 1462 1978 ut
1475 1947 1562 1979 sinus
1576 1945 1647 1979 820.
1664 1925 1763 2006 {md
1771 1947 1876 1979 sinum
1884 1947 1954 1979 700.

1116 2017 1175 2048 hoc
1189 2023 1245 2055 est,
1267 2022 1304 2048 ut
1318 2020 1339 2047 4
1352 2015 1393 2047 ad
1408 2018 1438 2054 7,
1463 2015 1509 2048 ita
1530 2022 1595 2048 erat
1616 2016 1706 2047 lime·
1729 2014 1881 2049 intervalli
1905 2016 1955 2047 in-

1116 2064 1164 2090 ter
1186 2064 1338 2091 cometam
1363 2065 1395 2090 et
1419 2059 1524 2091 Solem
1548 2059 1588 2090 ad
1610 2058 1788 2091 distantiam
1811 2059 1916 2092 'reme
1935 2069 1955 2091 a

1227 2184 1260 2215 B

1621 2475 1649 2510 S

1116 2575 1196 2614 Sole,
1213 2581 1244 2607 et
1258 2575 1418 2616 propterea
1432 2575 1573 2608 nondum
1587 2581 1708 2606 cometa
1727 2579 1896 2605 excesserat
1909 2583 1948 2605 ex

1113 2620 1187 2650 orbe
1224 2618 1363 2650 Veneris.
1423 2618 1487 2649 Die
1514 2621 1566 2649 28.
1607 2617 1774 2649 Decembr-
1803 2616 1950 2648 dinanuo

1115 2667 1244 2692 cometae
1257 2672 1276 2691 a
1293 2661 1365 2692 Sole
1378 2666 1444 2693 erat
1452 2660 1522 2693 550.
1537 2666 1568 2692 et
1578 2659 1743 2701 longitudo
1753 2659 1861 2691 cauda
1871 2658 1944 2691 560.

1118 2704 1234 2741 Quare,
1257 2703 1367 2734 iisdem
1381 2703 1491 2735 calculi
1504 2701 1637 2744 vestigiis
1658 2703 1836 2740 insistendo,
1858 2701 1949 2733 limes

1115 2746 1268 2777 intervalli
1297 2747 1377 2777 inter
1403 2751 1555 2777 cometam
1583 2751 1615 2776 et
1652 2745 1779 2781 Solem..
1800 2743 1946 2775 nondum

1115 2789 1256 2829 aequabat
1277 2788 1454 2820 distantiam
1477 2788 1581 2819 Terrae
1595 2797 1614 2818 a
1631 2788 1710 2823 Sole,
1733 2794 1765 2818 et
1784 2784 1948 2827 propterea

1113 2837 1233 2861 cometa
1257 2831 1398 2861 nondum
1426 2837 1594 2862 excesserat
1622 2840 1660 2861 ex
1689 2831 1763 2861 orbe
1798 2828 1941 2861 Telluris.

1114 2872 1190 2904 Hae
1209 2873 1354 2904 methodo
1374 2882 1467 2914 quam
1487 2883 1524 2904 ex
1552 2873 1698 2904 Newtoni
1721 2871 1885 2913 opusculo
1906 2870 1946 2902 de

1115 2915 1233 2946 Mundi
1257 2914 1428 2956 Systcmate
1441 2915 1666 2955 descripsimus,
1688 2915 1820 2946 aliorum
1841 2922 1944 2945 come-

1115 2963 1215 2989 tarum
1230 2957 1388 2988 distantias
1402 2957 1563 2988 limitando
1577 2958 1737 2988 inventum
1751 2964 1798 2989 est
1811 2962 1947 2989 comem

1113 3010 1230 3037 omnes,
1246 2999 1386 3040 quandiu
1402 3010 1434 3030 se
1448 3001 1536 3031 nobis
1549 2999 1725 3036 ostendunt,
1741 3000 1851 3031 versari
1866 2998 1948 3028 intra

1113 3042 1247 3081 spatium
1259 3042 1442 3081 sphaericum
1453 3049 1559 3073 centro
1569 3043 1641 3073 Sole
1651 3049 1682 3073 et
1694 3042 1852 3072 intervallo
1866 3040 1948 3072 Solis

1111 3094 1147 3116 ac
1164 3084 1267 3115 Terroe
1281 3084 1330 3115 vel
1344 3084 1501 3126 duplicato
1515 3085 1564 3117 vel
1574 3085 1779 3116 adsummum
1795 3083 1947 3125 triplicato

1114 3127 1310 3168 descriptum.
