2072 3522
215 280 295 318 132
611 270 1062 315 PHILOSOPHIAE
1092 270 1452 316 NATURALIS
1495 272 1771 348 [DElenn.
1789 275 1913 321 Sur.

211 389 267 430 sis
296 387 497 430 Decemb.
527 394 792 442 conspectum
824 393 864 427 et
893 400 918 426 a
949 385 1200 441 Flamstedio
1229 385 1491 427 observatum
1519 394 1587 430 est.
1600 395 1724 443 caput
1742 395 1916 433 cometen

209 459 447 513 posterioris
467 458 520 499 'in
548 457 740 499 distantia
767 470 917 506 novem
945 455 1152 512 graduum
1183 470 1208 496 a
1238 455 1335 497 Sole
1348 471 1360 505 3
1400 456 1444 496 id
1479 457 1591 511 quod
1625 458 1752 499 stellae
1780 458 1914 505 tertioe

209 529 501 586 magnitudinis
530 529 600 570 vix
629 542 869 570 concessum
897 526 1051 567 fuisset.
1111 526 1312 568 Decemb.
1337 532 1404 568 15.
1426 534 1467 568 et
1489 532 1555 572 17.
1584 529 1774 584 apparuit
1801 530 1913 574 idem

213 608 259 641 ut
288 599 404 640 stella
432 598 562 640 tertiae
590 596 896 654 magnitudiniS,
926 595 1176 637 diminutum
1195 595 1336 652 utique
1356 595 1575 651 splendore
1595 598 1767 640 nubium
1789 600 1913 654 juxta

211 672 350 714 Solem
364 671 629 713 occidentem.
660 669 880 721 Decembr.
899 674 966 712 26.
984 668 1236 721 velocissime
1255 677 1404 720 motus,
1420 670 1545 726 inque
1558 672 1741 729 perigaeo
1755 687 1909 729 prope-¹

205 744 376 785 modum
405 744 597 793 existens,
630 742 801 786 cedebat
820 742 883 783 ori
905 741 1067 798 Pegasi,
1090 741 1218 782 stellae
1238 742 1369 783 tertiae
1387 742 1697 800 magnitudinis.
1751 746 1846 788 Jan.
1868 753 1908 789 3.
1940 792 1941 795 Ἴ

206 815 430 870 apparebat
449 823 496 855 ut
516 814 633 855 stella
653 821 823 869 quartae,
854 813 948 854 Jan.
971 819 1009 854 9.
1031 820 1078 853 ut
1097 812 1212 854 stella
1232 813 1398 868 quintae,
1430 813 1523 855 Jan.
1549 815 1689 856 13..ob
1719 816 1910 871 splendo-

204 902 294 928 rem
315 887 449 928 Lunae
461 885 689 939 ⁶crescentis
710 883 925 939 disparuit.
975 883 1004 925 J
1004 897 1068 924 an.
1084 888 1151 925 25.
1166 884 1237 924 vix
1256 884 1448 939 aequabat
1463 884 1599 926 stellas
1614 886 1909 943 magnitudinis

204 957 401 1013 septimae.
463 956 508 998 Si
529 961 742 997 sumantur
761 953 936 1009 aequalia
957 968 982 994 a
999 953 1180 1010 perigaeo
1199 953 1297 994 hinc
1316 954 1413 995 inde
1433 962 1632 1011 tempora,
1662 957 1917 1014 capita‘quae*
1934 970 1958 978 ³

205 1028 458 1083 temporibus
488 1026 568 1067 illis
598 1026 641 1066 in
669 1024 903 1081 longinquis
923 1024 1160 1080 regionibus
1177 1023 1324 1079 posita,
1356 1025 1410 1066 ob
1429 1025 1607 1081 aequales
1626 1042 1653 1068 a
1673 1027 1806 1069 Terrfi
1825 1028 1910 1070 dis-

203 1102 363 1152 tantias,
394 1099 606 1156 aequaliter
632 1098 770 1140 lucere
798 1097 1047 1149 debuissent,
1076 1097 1121 1138 in
1148 1097 1271 1154 plaga
1303 1098 1410 1140 Solis
1438 1100 1618 1141 maxime
1645 1101 1911 1156 splenduere,-

203 1189 256 1215 ex
275 1171 402 1218 altera
422 1171 591 1227 perigaei
610 1177 728 1225 parte
755 1167 972 1210 evanuere.
1032 1168 1167 1224 Igitur
1196 1183 1250 1209 ex
1277 1168 1427 1233 magna
1446 1169 1549 1212 lucis
1569 1171 1614 1211 in
1632 1179 1808 1229 utroque
1827 1173 1914 1216 situ

202 1243 443 1294 differentia,
474 1242 733 1296 concanur
761 1255 913 1297 magna
949 1239 1056 1281 Solis
1086 1249 1127 1281 et
1155 1248 1326 1282 cometae
1358 1241 1543 1284 vicinitas
1571 1243 1616 1285 in
1645 1244 1726 1286 situ
1754 1245 1906 1300 priore.

203 1316 313 1357 Nam
342 1315 416 1356 lux
444 1296 706 1356 cometaruns
715 1310 916 1372 regularis
937 1325 1026 1351 esse
1047 1310 1164 1361 solet,
1195 1318 1237 1352 et
1255 1312 1436 1352 maxima
1454 1325 1654 1374 apparere
1672 1314 1744 1356 ubi
1773 1317 1909 1372 capita

200 1388 453 1432 velocissime
483 1394 714 1437 moventur,
749 1393 872 1442 atque
903 1384 999 1426 ideo
1034 1392 1130 1427 sunt
1167 1383 1211 1425 in
1249 1384 1439 1442 perigaeis
1451 1401 1463 1436 ;
1506 1386 1586 1428 nisi
1619 1386 1819 1443 quatenus
1857 1404 1906 1432 ea

201 1463 331 1518 major
351 1469 412 1502 est
430 1461 473 1501 in
492 1459 641 1501 vicinia
665 1458 784 1502 Solis.

260 1533 389 1574 δοκοῖ.
416 1536 454 1573 1.
490 1528 717 1584 Splendent
736 1527 862 1586 igitur
882 1535 1052 1571 cometae
1074 1526 1125 1582 (¹¹)
1145 1527 1237 1570 luce
1259 1527 1366 1570 Solis
1386 1543 1411 1569 a
1431 1543 1481 1572 se
1494 1529 1659 1571 reflexa.

259 1601 388 1642 Corol.
406 1604 445 1641 2.
468 1598 511 1655 (¹)
533 1599 600 1643 EX
615 1598 734 1640 dictis
751 1596 873 1638 etiam
887 1596 1128 1654 intelligitur
1143 1611 1216 1638 cur
1231 1606 1401 1641 cometae
1416 1598 1630 1654 tantopere
1644 1598 1915 1655 frequentant.

200 1672 411 1728 regionem
451 1670 570 1712 Solis.
645 1669 689 1711 Si
724 1677 989 1710 cernerentur
1021 1669 1066 1712 in
1095 1669 1332 1729 regionibus
1365 1670 1488 1728 longe
1521 1672 1630 1713 ultra
1665 1673 1902 1724 Saturnum,

199 1743 397 1784 deberent
417 1741 566 1796 saepius
587 1754 784 1795 apparere
803 1739 845 1779 in
863 1740 1054 1798 partibus.
1072 1739 1158 1783 Soli
1178 1740 1388 1794 oppositis.
1451 1742 1607 1783 Forent
1625 1743 1734 1784 enim
1756 1743 1903 1785 Terrae

1067 1851 1233 1890 defectum,
1260 1852 1361 1894 detegi
1384 1853 1488 1893 possit,
1511 1855 1688 1896 priusquam
1711 1855 1751 1887 ad
1771 1858 1901 1897 sphaerae

1066 1895 1161 1935 hujus
1175 1895 1366 1934 superficiem
1388 1898 1567 1935 pervenerit,
1585 1898 1696 1938 juncta
1715 1905 1798 1930 recta
1822 1900 1844 1931 S
1859 1901 1900 1938 T,

1067 1935 1256 1976 producatur
1275 1938 1420 1978 utrinque
1441 1938 1538 1969 donec
1560 1940 1730 1978 saperficiei
1753 1941 1826 1972 huic
1845 1952 1900 1972 oe-

1067 1984 1172 2009 currat
1186 1979 1218 2008 in
1235 1979 1277 2016 A,
1294 1985 1325 2010 et
1341 1980 1379 2010 C.
1426 1980 1501 2011 Per·
1505 1981 1543 2018 T,
1559 1981 1689 2012 ductum
1707 1982 1900 2024 intelligatur

1068 2021 1197 2060 planum
1215 2021 1251 2051 H
1268 2022 1307 2057 Ε,
1324 2023 1375 2052 cui
1397 2023 1542 2053 normalis
1556 2029 1602 2054 est
1615 2030 1698 2061 recta
1721 2025 1752 2056 A
1771 2026 1808 2063 C,
1831 2026 1900 2066 pln-

1069 2073 1147 2093 num
1167 2063 1246 2093 illud
1265 2064 1415 2103 sphaeram
1435 2065 1578 2096 dividet‘
1569 2076 1601 2095 m
1616 2066 1679 2096 duo
1695 2067 1900 2108 hemispherio

1070 2115 1203 2146 quorum
1218 2116 1316 2136 unum
1335 2107 1370 2137 H
1389 2107 1416 2139 F
1430 2107 1472 2142 E.
1496 2113 1542 2140 est
1556 2118 1660 2139 versus
1676 2109 1799 2147 Solem;
1821 2111 1898 2142 alts-

1066 2156 1141 2178 rum
1165 2146 1237 2178 vero
1263 2148 1299 2178 H
1317 2149 1350 2179 D
1367 2149 1407 2186 E,
1436 2149 1499 2180 Soli
1525 2150 1698 2189 opponitur.
1759 2152 1896 2184 Cometae

1065 2199 1174 2220 omnes
1193 2190 1226 2219 in
1248 2192 1373 2240 sphaerae
1394 2200 1553 2232 segmento
1569 2193 1597 2223 B
1616 2193 1642 2224 C
1661 2195 1701 2229 G,
1722 2195 1895 2233 existentes,

1066 2232 1275 2262 videbuntur'
1266 2243 1298 2263 ιιι
1313 2233 1526 2273 hemisphaerio
1540 2245 1644 2265 versus
1661 2235 1774 2272 solem,
1786 2246 1895 2267 omnes

1064 2281 1169 2305 autem
1183 2275 1236 2315 qui
1257 2282 1415 2306 versantur
1433 2275 1465 2306 in
1480 2283 1639 2317 segmento
1662 2278 1691 2308 B
1709 2278 1739 2308 A
1758 2278 1790 2309 G
1810 2278 1894 2310 vide-

1064 2318 1182 2347 buntur
1209 2317 1241 2346 in
1267 2318 1478 2357 hemisphaerio
1505 2318 1588 2360 quod
1619 2319 1683 2349 Soli
1712 2320 1889 2360 opponitur.

1067 2357 1173 2394 Quare
1184 2359 1208 2389 si
1219 2366 1412 2399 segmentum
1431 2361 1459 2391 B
1474 2361 1500 2392 C
1513 2361 1552 2397 G,
1565 2361 1666 2401 majus
1679 2362 1718 2393 sit
1732 2369 1893 2404 segmento

1065 2401 1095 2432 B
1115 2402 1145 2431 A
1165 2402 1205 2437 G,
1222 2401 1325 2440 plures
1339 2408 1466 2433 cometoe
1479 2402 1683 2435 videbuntur
1674 2414 1708 2434 m
1721 2405 1894 2445 hemisphe-

1062 2443 1109 2473 rio
1123 2453 1226 2473 versus
1243 2444 1345 2474 Solem
1359 2455 1454 2485 quam
1475 2445 1507 2475 in
1529 2446 1677 2484 opposito.
1722 2447 1796 2478 Jam
1817 2446 1890 2478 νει-ὂ

1062 2491 1189 2515 cometae
1204 2485 1296 2516 nudis
1309 2487 1408 2517 oculis
1416 2497 1448 2517 se
1462 2486 1548 2527 prius
1562 2487 1748 2529 detegendos
1762 2498 1826 2520 non
1836 2499 1891 2520 ex-

1061 2527 1167 2558 hibent
1180 2538 1272 2568 quam
1288 2529 1348 2559 sint
1358 2529 1438 2560 Jove
1451 2531 1626 2569 propiores,
1641 2537 1773 2570 ponatur
1787 2531 1891 2573 itaque

242 1854 289 1897 (Β)
307 1858 324 1875 ”
340 1856 426 1887 Luce
449 1856 523 1887 Sol's
544 1866 563 1885 a
582 1859 613 1886 ,τε
629 1851 751 1896 reflecti·
797 1853 882 1884 Nam
896 1862 916 1883 a
931 1852 1027 1883 Tetri

197 1897 410 1928 recedentibus
431 1897 556 1928 cometis
571 1903 602 1927 et
615 1897 654 1926 ad
676 1896 780 1926 Solem
800 1894 1025 1931 accedentibus,

198 1946 331 1980 augetur
344 1949 451 1970 eorum
463 1939 615 1978 splendor,
627 1938 819 1968 decrescente
830 1937 901 1968 licet
912 1936 1027 1967 diame-

195 1987 254 2017 tro,
271 1988 307 2012 ut
321 1991 358 2012 ex
373 1981 614 2020 praecedentibus
628 1980 889 2016 observationibus
902 1985 995 2018 patet.

259 2023 281 2044 μ
301 2026 316 2042 ⁸
334 2026 385 2055 Ex·
401 2025 487 2055 dictis
508 2025 600 2054 etiam
621 2024 806 2062 intelligitur.
856 2021 983 2052 Referat
1006 2021 1028 2052 S

199 2026 312 2103 Soiem,
331 2066 370 2101 T,
385 2067 524 2102 Terram,
537 2064 670 2095 circulus
689 2065 720 2095 D
733 2065 762 2094 E
775 2064 801 2094 F
816 2064 861 2101 H,
878 2064 1028 2102 sphaeram

197 2107 338 2138 fixarum.
375 2108 532 2144 Quoniam
547 2113 674 2140 cometae
689 2106 851 2146 splendent
864 2105 934 2138 luce
948 2105 1028 2136 Solis

196 2160 215 2180 a
229 2161 261 2181 se
275 2149 397 2187 reflexit,
415 2150 505 2192 (Cor.
523 2149 567 2190 1.)
590 2149 620 2179 ii·
633 2158 697 2179 non
718 2149 913 2185 videbuntur,
937 2147 995 2178 nisi
1009 2158 1028 2178 a

328 2458 367 2492 Η

521 2465 668 2619 is
844 2455 877 2488 Ε

555 2716 599 2750 F

195 2781 266 2812 Sole
279 2781 323 2812 ita
336 2780 529 2812 illustrentur
541 2786 578 2812 ut
592 2780 674 2812 oculi
689 2781 783 2812 nostri
797 2779 855 2812 hac
869 2781 938 2812 luce
952 2792 1018 2813 mo·

191 2825 254 2854 veri
269 2824 395 2863 possint.
443 2823 595 2854 Proeterea
610 2833 736 2854 cometoe
750 2834 804 2862 per
818 2824 929 2854 caudas
950 2835 1021 2855 suas

192 2865 327 2896 maxime
347 2866 429 2896 fiunt
449 2866 616 2906 conspicui,
639 2867 694 2896 has
713 2873 816 2896 autem
831 2867 943 2897 caudas
957 2877 1018 2897 non

192 2908 338 2938 emittunt
352 2908 529 2948 priusquam
544 2908 582 2938 ad
608 2908 710 2939 Solem
724 2908 949 2948 aliquantulum
972 2909 1020 2939 in-

192 2949 349 2984 caluerint,
375 2960 469 2990 quare
494 2957 578 2989 patet
599 2956 732 2980 cometas
756 2960 820 2980 sese
842 2951 1020 2990 conspicuos

192 3000 255 3020 non
277 2993 410 3029 praebere
423 2992 491 3022 nisi
514 2991 553 3022 ad
570 2992 727 3023 definitam
742 2992 896 3033 quandam
912 3004 931 3023 a
949 2994 1020 3024 So'e

192 3033 366 3063 distantiam
390 3034 544 3065 accedant.
605 3035 744 3066 Ponatur
771 3035 873 3075 itaque
902 3037 1020 3074 sphaera

194 3076 226 3105 A
244 3075 270 3105 B
289 3075 314 3105 C
334 3075 373 3111 G,
400 3076 461 3106 Soli
477 3077 666 3107 concentrica
681 3077 720 3108 ad
735 3077 827 3107 talem
842 3077 1018 3108 distantiam

192 3116 341 3158 descripta
356 3124 391 3148 ut
412 3118 516 3149 nullus
531 3126 649 3151 cometa
668 3125 790 3159 propter
810 3118 1020 3151 illustrationis

1064 2570 1086 2600 S
1103 2571 1145 2607 A,
1161 2569 1279 2601 circiter
1292 2571 1314 2612 ξ
1328 2570 1479 2602 distantiae
1501 2572 1614 2603 Martis
1631 2582 1651 2602 a
1667 2572 1748 2610 Sole,
1770 2573 1829 2604 hoc
1843 2580 1890 2605 est

1066 2613 1089 2642 S
1102 2613 1131 2642 A
1148 2612 1187 2643 sit
1200 2613 1318 2644 circiter
1329 2613 1444 2653 dupla
1434 2614 1530 2654 ipsius
1540 2615 1562 2646 S
1575 2614 1613 2652 T,
1626 2614 1684 2645 erit
1691 2622 1887 2656 segmentum

1063 2654 1092 2685 Β
1117 2655 1147 2685 G
1173 2655 1199 2686 C
1223 2655 1384 2696 plusquam
1409 2656 1581 2697 quadruplo
1604 2657 1704 2697 majus
1728 2665 1890 2699 segmento

1062 2697 1091 2727 B
1110 2698 1138 2727 A
1154 2697 1193 2733 G,
1209 2696 1341 2738 ideoque
1354 2698 1526 2739 quadruplo
1541 2697 1588 2728 vel
1603 2699 1769 2739 quintuplo
1782 2700 1888 2739 plures

1060 2747 1188 2770 cometae
1201 2739 1405 2781 detegentur
1396 2750 1428 2770 ιιι
1443 2740 1647 2789 hemispherio
1662 2751 1765 2772 versus
1782 2742 1887 2773 Solem

1061 2791 1156 2822 quam
1177 2782 1209 2811 in
1233 2782 1436 2822 hemispherio
1455 2783 1603 2822 opposito.
1653 2784 1699 2815 At
1713 2784 1738 2814 si
1760 2790 1888 2815 cometoe

1059 2830 1254 2855 cernerentur
1268 2825 1299 2854 in
1314 2824 1489 2865 regionibus
1504 2824 1595 2865 longe
1609 2826 1690 2857 ultra
1706 2827 1886 2864 Sami-imm,

1058 2866 1137 2897 {bret
1152 2867 1174 2897 S
1186 2867 1227 2903 A,
1242 2866 1334 2907 longe
1348 2867 1445 2908 major
1457 2866 1550 2907 quem
1570 2868 1591 2898 S
1602 2868 1640 2905 T,
1656 2875 1687 2899 et
1699 2867 1779 2900 ideo
1784 2877 1885 2899 come-

1058 2914 1098 2939 tae
1111 2907 1221 2948 saepius
1235 2908 1380 2939 deberent
1394 2919 1537 2947 apparere
1554 2911 1584 2940 in
1600 2910 1736 2959 portibus
1753 2910 1816 2942 soli
1830 2919 1886 2950 op-

1058 2951 1169 2989 positis,
1194 2951 1294 2981 forent
1307 2951 1390 2980 enim
1407 2951 1511 2982 Terroe
1525 2952 1683 2983 viciniores
1696 2954 1750 2993 qui
1768 2953 1801 2982 in
1815 2961 1886 2992 seg-

1058 2999 1173 3023 mento
1182 2993 1210 3023 B
1231 2994 1259 3023 A
1279 2993 1320 3030 G,
1342 2999 1509 3030 versantur,
1533 2999 1658 3025 caeteros
1677 2994 1749 3026 vero
1769 2994 1801 3025 in
1815 3004 1886 3035 seg-

1058 3042 1163 3065 mento
1179 3035 1206 3064 B
1224 3035 1250 3065 C
1269 3035 1309 3072 G,
1328 3035 1381 3065 Sol
1396 3035 1592 3075 interpositus
1604 3038 1786 3068 obscuraret.
1833 3037 1884 3067 Ex

1058 3077 1107 3107 his
1113 3077 1303 3126 intelligitur
1316 3087 1371 3108 cur
1385 3084 1512 3109 cometae
1523 3078 1679 3119 tantopere
1689 3079 1885 3121 frequentant

1057 3119 1214 3160 regionem
1231 3119 1317 3150 Solis.
