2072 3522
189 259 271 298 152
587 249 1040 295 PHILOSOPHIAE
1071 250 1443 305 NATURALIS,
1479 253 1574 305 [DE
1591 252 1755 296 Mum).
1774 255 1896 297 str.
1922 246 1926 258 '

246 368 407 411 Eadem
426 367 637 418 methodo,
669 365 749 423 quii
770 372 924 422 puncta
954 365 1005 415 E,
1030 365 1084 415 A,
1109 365 1160 416 C,
1184 365 1241 416 G,
1273 375 1560 422 exassumpto
1585 376 1742 423 puncto
1774 369 1906 410 Bin-

185 447 310 483 venta
330 446 437 490 sunt,
458 438 719 480 invenientur
739 451 793 478 ex
812 435 1029 490 assumptis
1050 443 1259 491 utcunque
1290 438 1453 492 punctis
1473 438 1561 491 aliis
1579 439 1609 481 b
1627 447 1668 497 et
1695 441 1724 490 β
1742 449 1897 503 puncta

184 525 294 552 nova
313 524 348 560 e,
371 524 408 560 a,
431 523 467 559 c,
488 524 517 566 g
537 516 578 550 et
598 524 624 558 ε,
647 524 684 558 α,
708 523 742 558 κ,
763 524 801 560 7.
858 505 1026 548 Deinde
1045 505 1080 546 si
1099 520 1175 561 per
1197 507 1252 558 G,
1269 522 1311 564 g,
1332 507 1550 562 yNducatur
1569 505 1895 554 circumferentia
1913 548 1915 550 ,
1933 511 1937 551 2

183 581 327 623 circuli
357 581 400 622 G
428 595 458 640 g
485 598 524 634 γ,
558 594 698 621 secans
727 585 883 620 rectam
912 595 933 617 -r
954 577 991 620 C
1020 578 1064 618 in
1080 578 1154 620 Z:
1186 579 1265 621 erit
1294 580 1329 622 Z
1357 581 1473 636 locus
1501 590 1672 624 cometae
1697 583 1741 625 in
1765 585 1893 640 plano

181 640 397 708 eclipticae.
456 651 514 693 Et
534 650 568 692 si
588 650 631 690 in
653 650 693 691 A
716 649 765 699 C,
788 664 813 690 a
832 663 867 699 c,
891 666 916 688 α
936 664 958 688 κ
977 648 1192 704 capiantur
1212 650 1253 692 A
1277 650 1324 701 F,
1347 666 1371 693 a
1389 651 1418 702 f,
1447 670 1472 692 α.
1495 665 1519 706 φ
1538 653 1638 708 ipsis
1661 654 1697 696 C
1719 655 1775 706 G,
1805 671 1829 698 c
1847 671 1890 713 g,

179 741 205 764 κ
224 741 251 778 y
270 721 496 779 respective
525 720 717 777 aequales,
749 727 791 762 et
818 733 894 775 per
921 726 1078 774 puncta
1107 719 1156 770 F,
1177 719 1205 770 f,
1229 734 1253 774 φ
1272 721 1447 764 ducatur
1465 722 1793 767 circumferentia
1812 726 1893 768 cir-

179 795 265 837 culi
286 795 322 837 F
341 793 364 835 f
377 807 414 848 φ,
437 807 578 846 secans
598 799 753 833 rectam
774 790 815 831 A
835 790 876 831 T
895 789 940 830 in
961 789 1033 839 X;
1065 790 1142 831 erit
1169 799 1371 845 punctum
1398 792 1444 834 X
1464 793 1567 835 alius
1587 803 1759 837 cometae
1775 795 1893 839 locus

178 867 226 908 in
254 866 381 921 plano
410 863 624 919 eclipticae.
685 862 755 908 Ad
784 864 939 917 pnncta
959 861 1006 902 X
1026 862 1125 916 eth
1145 863 1356 921 erigantur
1384 873 1599 923 tangentes
1627 865 1892 927 latitudinum

178 945 355 981 cometae
384 935 438 977 ad
466 934 615 975 radios
635 934 677 975 T
783 942 825 975 et
844 950 867 973 τ
886 933 933 983 Ζ,
964 941 1006 974 et
1032 931 1308 977 habebuntur
1323 937 1415 979 loca
1434 937 1518 980 duo
1537 948 1710 982 cometae
1727 941 1772 982 in
1790 943 1893 1002 orbe

176 1009 362 1066 proprio
404 1008 600 1064 Denique
622 1008 715 1066 (per
736 1007 862 1061 Prop.
885 1005 1016 1048 XIX.
1040 1006 1135 1048 Lib.
1156 1007 1190 1049 Ι.
1195 1008 1210 1060 )
1232 1009 1426 1052 umbilico
1449 1012 1492 1062 S,
1512 1025 1589 1067 per
1607 1012 1699 1055 loca
1715 1014 1787 1057 illa
1805 1015 1892 1089 duo

177 1082 436 1165 describatur
454 1080 665 1136 parabola,
687 1088 728 1122 et
746 1080 838 1122 haec
858 1079 936 1121 e1it
955 1080 1186 1135 trajectoria
1205 1092 1388 1126 cometae.
1449 1085 1505 1135 Q.
1527 1101 1564 1128 e.
1583 1087 1611 1129 i.

196 1153 290 1208 (¹)
329 1151 657 1194 Constructionis
690 1151 812 1207 hujus
851 1150 1146 1192 demonstratio
1186 1167 1238 1194 ex
1277 1154 1560 1198 Lemmatibus
1600 1161 1889 1217 consequitur]

179 1226 332 1283 quippe
362 1239 458 1268 cum
486 1231 599 1266 recta
629 1223 670 1266 A
691 1223 728 1265 C
757 1231 918 1265 secetur
945 1223 990 1265 in
1020 1222 1099 1285 Ε
1087 1215 1131 1265 ln
1157 1225 1316 1268 ratione
1341 1235 1588 1284 temporum,
1616 1245 1692 1286 per
1712 1232 1889 1278 Lemma

177 1360 251 1385 sunt
277 1358 395 1403 puncta
418 1353 459 1391 E,
487 1353 528 1390 A,
558 1353 596 1390 C,
623 1352 665 1390 G,
691 1362 728 1383 ex
758 1352 921 1392 assumptis
942 1352 1010 1384 aliis
1051 1357 1156 1391 locum
1174 1360 1214 1398 B,
1230 1371 1295 1393 esse
1309 1358 1473 1402 vestigium
1488 1360 1641 1392 cometae
1630 1372 1664 1392 m
1678 1361 1889 1394 observatione

176 1396 302 1436 punctis
316 1398 376 1427 bet
385 1399 416 1434 β,
430 1395 627 1426 inveniantur
641 1405 720 1425 nova
734 1401 849 1434 puncta
863 1406 890 1432 e,
898 1406 925 1432 8,
938 1406 964 1431 c,
978 1406 1010 1436 g,
1054 1402 1190 1434 secunda
1213 1405 1238 1434 si
1267 1411 1382 1454 puncta
1411 1405 1455 1441 N,
1484 1404 1520 1440 P,
1546 1404 1729 1442 coincidunt,
1751 1404 1888 1446 itemque

176 1446 208 1469 et
224 1451 247 1476 ⁸»
264 1452 293 1475 a,
310 1452 338 1473 ³⁴
355 1452 388 1478 ’γ-
437 1437 533 1474 Quod
553 1438 578 1467 Si
600 1437 764 1477 Ῑθῦἑζῑωᾶθ
785 1447 869 1477 Pnus
890 1446 1014 1468 mvemss
1056 1447 1086 1476 A
1102 1452 1133 1476 et
1150 1445 1195 1483 F;
1212 1457 1306 1486 quare
1317 1447 1343 1477 si
1356 1446 1482 1488 reliquis
1494 1447 1700 1484 manentibus,
1713 1447 1888 1478 coincidant

177 1481 219 1512 Μ
238 1481 275 1517 Ρ,
297 1490 400 1510 mmor
420 1479 515 1511 fueflt
536 1479 631 1520 quam
655 1480 694 1510 Μ
713 1480 755 1515 N
778 1486 838 1528 aut·
850 1481 880 1510 A
900 1480 940 1517 G,
964 1481 1013 1528 §sel
1052 1495 1166 1537 puncta
1184 1489 1220 1524 C,
1237 1490 1278 1525 G,
1291 1490 1349 1520 erit
1365 1491 1402 1527 C,
1417 1489 1582 1529 vestigium
1596 1495 1724 1523 cometae
1737 1490 1771 1520 iu
1783 1491 1888 1520 obser-

180 1524 207 1555 C
241 1523 278 1561 F,
317 1529 469 1562 punctum
503 1523 535 1559 bn
581 1521 768 1552 sumendum
796 1528 854 1552 ‘³¹⁹¹ss
887 1532 1013 1574 PTOP¹J¹⁵
1054 1531 1173 1561 vatione
1194 1530 1284 1563 tertia
1338 1512 1485 1563 Siniiliter
1499 1531 1743 1562 coincidentibus
1763 1531 1886 1571 punctis

177 1572 294 1605 puncto
311 1567 350 1601 Y,
367 1565 400 1595 in
414 1575 477 1605 (3¹¹0
495 1565 521 1596 C
538 1578 558 1595 ‘r
572 1570 603 1596 et
622 1564 652 1593 A
669 1564 698 1594 Τ
713 1571 910 1616 concurrunt,
925 1571 957 1595 et
970 1564 1013 1595 ¹151
1056 1574 1098 1609 A,
1118 1573 1153 1610 F,
1169 1574 1227 1605 erit
1245 1576 1285 1612 A,
1308 1574 1472 1616 vestigium
1487 1580 1615 1605 cometae
1629 1574 1661 1604 in
1676 1574 1887 1606 observatione

175 1606 278 1648 porro,
301 1607 345 1637 ὴὲ
365 1613 402 1638 ut
423 1608 531 1637 Sssltem
552 1621 572 1637 a
595 1619 626 1646 ’γ’
651 1616 751 1636 mmor
765 1605 818 1637 5⁰²
832 1617 929 1647 qum
942 1620 962 1637 0⁶
978 1620 1008 1637 κ·
1052 1595 1161 1654 prime:
1223 1617 1269 1648 Ut
1297 1623 1402 1648 autem
1435 1623 1551 1657 puncta
1578 1616 1633 1647 illa
1667 1616 1884 1654 coincidereut,

180 1650 209 1682 P
210 1660 243 1681 el·
266 1655 382 1690 puncta
410 1649 451 1688 Ga
474 1660 506 1690 g,
533 1662 566 1690 7»
589 1648 778 1680 describatur
798 1649 933 1680 Circums
955 1648 1011 1690 qui
1051 1658 1211 1690 traductus
1231 1666 1277 1691 est
1297 1659 1431 1691 circulus
1450 1659 1599 1691 transiens
1619 1669 1675 1698 per
1695 1658 1753 1689 tria
1770 1666 1886 1699 puncta

1056 1701 1096 1736 G,
1113 1711 1144 1741 g,
1162 1715 1194 1742 oy,
1210 1709 1324 1733 rectam
1340 1717 1360 1733 a·
1377 1703 1415 1739 C,
1431 1712 1536 1733 secans
1550 1702 1583 1732 in
1600 1702 1637 1732 Z·
1685 1700 1769 1732 Ciun
1789 1701 1886 1742 igitur

1049 1749 1204 1781 punctum
1222 1744 1257 1781 Z,
1270 1745 1309 1775 sit
1317 1751 1379 1775 tam
1394 1745 1428 1775 in
1443 1744 1511 1775 loco
1522 1750 1710 1783 punctorum
1721 1743 1758 1781 C,
1771 1753 1884 1784 nempe

1049 1783 1134 1815 recta
1149 1800 1168 1816 n-
1187 1786 1222 1821 C,
1245 1786 1338 1826 quam
1359 1788 1392 1817 in
1413 1787 1483 1817 loco
1502 1792 1691 1826 punctorum
1710 1786 1751 1823 G,
1771 1796 1885 1826 nempe

1049 1826 1175 1863 circulo,
1205 1828 1330 1868 quando
1357 1835 1510 1867 punctum
1541 1828 1567 1859 C
1602 1827 1753 1866 reperitur
1780 1827 1813 1858 in
1843 1828 1882 1864 Z.

1049 1877 1203 1917 punctum
1223 1870 1253 1901 G
1276 1871 1309 1901 in
1329 1871 1385 1901 illo
1406 1871 1498 1902 etiam
1519 1869 1697 1909 reperietur,
1719 1869 1752 1901 id
1773 1877 1829 1906 est,
1849 1871 1882 1902 in

1048 1910 1107 1941 ism
1122 1921 1194 1942 casu
1209 1913 1383 1944 coincident
1395 1919 1511 1953 puncta
1528 1912 1564 1949 C,
1578 1912 1619 1949 G,
1634 1910 1768 1962 ide6que
1781 1923 1883 1952 pune-

1048 1958 1117 1983 tum
1145 1955 1170 1984 Z
1194 1961 1239 1985 est
1260 1965 1368 1986 verum
1390 1961 1519 1986 cometae
1539 1955 1703 2007 vestigium
1731 1955 1765 1985 in
1789 1955 1883 1995 plano

1049 1995 1198 2045 eclipticoe
1218 1997 1251 2027 in
1273 1998 1482 2030 observatione
1496 1995 1595 2034 tertia,
1618 1996 1691 2028 huic
1709 1998 1792 2028 enim
1807 2007 1882 2029 con

1047 2038 1177 2070 veniunt
1191 2049 1299 2070 omnes
1313 2040 1503 2072 conditiones
1523 2039 1686 2080 requisitae.
1735 2039 1883 2073 Similiter

1048 2082 1088 2110 ob
1117 2081 1237 2112 easdem
1267 2082 1408 2120 rationes,
1445 2089 1598 2123 punctum
1635 2082 1670 2113 X
1698 2088 1745 2114 est
1772 2093 1882 2114 verum

1048 2131 1177 2154 cometae
1191 2125 1355 2166 vestigium
1371 2126 1403 2156 in
1415 2124 1624 2157 observatione
1638 2124 1754 2174 prima.-
1775 2125 1883 2162 Quare

1047 2165 1073 2195 si
1089 2175 1126 2196 ex
1141 2173 1257 2205 puncto
1273 2169 1311 2205 Z,
1331 2168 1370 2199 ad
1383 2168 1514 2208 planum
1527 2167 1674 2207 eclipticae
1689 2166 1818 2199 excitata
1832 2168 1882 2199 in-

1048 2208 1210 2249 telligatur
1223 2211 1369 2241 normalis
1385 2211 1411 2242 Z
1430 2211 1462 2242 R.
1476 2210 1601 2263 aequalis
1615 2210 1755 2251 tangenti
1774 2209 1880 2242 latitu-

1048 2293 1106 2323 erit
1124 2295 1154 2324 R
1168 2294 1255 2324 locus
1269 2305 1359 2326 verus
1372 2302 1502 2328 cometae
1516 2296 1548 2326 in
1562 2296 1636 2327 orbe
1650 2295 1782 2335 proprio.
1830 2295 1879 2327 Si-

1046 2335 1161 2366 militer
1174 2336 1213 2366 ad
1229 2337 1356 2376 planum
1369 2338 1518 2378 eclipticas
1528 2337 1664 2379 erigatur
1678 2337 1881 2387 perpendim-

1045 2376 1119 2408 laris
1138 2379 1172 2409 X
1190 2379 1229 2415 Y,
1252 2380 1378 2432 aequalis
1391 2381 1530 2422 tangenti
1546 2380 1740 2411 latitudinis
1730 2390 1764 2411 m
1777 2381 1879 2411 obser-

1045 2421 1168 2451 vatione
1183 2420 1281 2460 prima
1295 2422 1334 2452 ad
1348 2422 1470 2453 radium
1486 2423 1516 2455 T
1532 2423 1577 2459 X,
1598 2429 1750 2462 punctum
1766 2422 1807 2459 Y,
1823 2421 1882 2454 erit

1046 2463 1125 2493 alter
1138 2471 1265 2494 cometae
1279 2465 1389 2496 locus·
1379 2476 1412 2495 m
1428 2467 1500 2497 orbe
1513 2465 1646 2505 proprio.
1688 2463 1795 2500 Quare
1811 2466 1881 2507 (per

1047 2504 1143 2546 Prop.
1165 2506 1267 2537 XIX.
1288 2507 1358 2538 Lib.
1379 2508 1407 2539 1.
1414 2507 1426 2547 )
1444 2507 1591 2539 umbilico
1607 2509 1639 2545 S,
1659 2517 1715 2556 per
1727 2507 1795 2538 loca
1807 2508 1882 2539 bina

1049 2548 1092 2584 R,
1110 2559 1131 2584 r,
1159 2548 1347 2580 describatur
1371 2550 1523 2590 parabola,
1547 2551 1614 2580 haec
1633 2549 1690 2580 erit
1708 2549 1882 2590 trajectoria

1046 2597 1184 2622 cometae.
1236 2591 1320 2628 Quia
1333 2592 1405 2624 vero
1419 2592 1569 2632 parabolae
1582 2602 1637 2631 per
1657 2598 1773 2631 puncta
1797 2592 1838 2630 R,
1852 2602 1879 2630 r,

1049 2640 1081 2664 et
1109 2633 1256 2664 umbilico
1288 2636 1319 2671 S,
1346 2635 1504 2674 descriptae
1531 2633 1646 2673 duplex
1675 2633 1787 2674 positio
1815 2645 1882 2666 esse

1046 2681 1147 2716 potest
1163 2677 1213 2716 (ut
1227 2683 1310 2716 patet
1323 2687 1361 2708 ex
1377 2683 1486 2711 constr.
1506 2676 1600 2715 Prop.
1622 2677 1726 2708 XIX.
1744 2677 1815 2708 Lib.
1833 2676 1879 2718 1.)

1048 2729 1085 2748 ex
1102 2718 1210 2749 eodem
1226 2720 1372 2751 umbilico
1390 2720 1422 2756 S,
1438 2726 1468 2750 et
1482 2719 1563 2750 binis
1577 2719 1700 2758 punctis
1718 2719 1759 2758 R,
1771 2730 1796 2757 r,
1808 2718 1880 2751 duae

1046 2760 1175 2792 describi
1190 2767 1334 2800 poterunt
1349 2761 1518 2801 pnrabolae3
1535 2767 1605 2792 utra
1618 2769 1723 2794 autem
1738 2772 1794 2802 pro
1807 2763 1881 2794 orbe

1049 2809 1176 2834 cometae
1197 2803 1347 2835 sumenda
1369 2804 1408 2835 sit
1429 2815 1466 2835 ex
1489 2803 1549 2835 alia
1563 2805 1670 2844 quavis
1683 2811 1812 2835 cometae
1825 2805 1880 2836 ob-

1045 2847 1215 2877 servatione
1229 2846 1425 2877 manifestum
1440 2846 1506 2878 erit.
1554 2847 1638 2878 Nam
1653 2847 1741 2878 locus
1754 2853 1882 2878 comete

1045 2889 1100 2928 qui
1114 2899 1152 2919 ex
1167 2887 1264 2919 altera
1274 2889 1382 2920 harum
1398 2888 1613 2928 parabolarum
1624 2889 1797 2930 colligetur,
1807 2898 1880 2920 cum

175 2776 289 2802 rectam
312 2785 331 2802 φ
349 2770 386 2809 C,
409 2773 523 2804 secabit
544 2773 623 2804 inter
640 2774 671 2805 G
685 2779 716 2805 et
731 2787 760 2812 κ,
783 2773 860 2814 puta
873 2775 905 2805 in
923 2776 957 2813 Z,
981 2775 1007 2806 si

174 2820 290 2852 puncta
311 2824 390 2845 nova
411 2817 440 2852 b,
457 2820 487 2852 β,
511 2823 634 2855 sumpta
647 2816 768 2851 fuerint,
793 2824 829 2847 ut
847 2818 911 2857 jam
926 2818 1006 2848 dixi-

174 2865 254 2885 mus.
304 2857 450 2887 Similiter
465 2868 518 2896 per
533 2867 648 2897 puncta
671 2859 706 2893 F,
723 2859 745 2895 f,
767 2866 798 2898 φ,
821 2859 1008 2891 describatur

175 2898 310 2928 circulus
336 2906 449 2929 rectam
477 2900 506 2930 T
532 2902 559 2930 A
587 2900 771 2932 intersecans
795 2902 828 2931 in
851 2903 895 2939 X,
917 2909 1007 2933 erunt

1048 2249 1128 2281 dinis
1144 2258 1224 2282 notae
1238 2253 1271 2282 in
1285 2253 1494 2285 observatione
1506 2251 1597 2284 tertia
1610 2252 1650 2284 ad
1663 2252 1783 2284 radium
1804 2266 1825 2284 e
1839 2253 1880 2292 Z,
1922 2265 1926 2268 ’

175 2947 291 2978 puncta
307 2941 342 2978 Z,
357 2943 400 2978 X,
414 2942 480 2972 loca
495 2949 623 2972 cometae
634 2943 674 2974 ad
688 2943 858 2983 eclipticam
869 2944 1005 2997 reducta,

174 2981 237 3011 sive
262 2990 390 3014 cometae
412 2984 540 3024 vestigia
560 2985 593 3014 in
617 2987 825 3016 observatione
851 2985 952 3026 prima
977 2993 1008 3017 et
1037 2995 1040 3011 ῑ

173 3023 272 3058 tertia,
289 3026 313 3054 si
332 3026 359 3056 B
373 3026 411 3056 sit
425 3026 562 3067 ejusdem
579 3028 741 3067 vestigium
756 3028 788 3058 in
801 3029 1009 3060 observatione

174 3066 320 3097 secunda.
368 3068 457 3098 Idem
481 3068 620 3099 similiter
639 3070 756 3100 obtinet
777 3071 809 3100 in
831 3081 859 3107 a,
879 3082 905 3108 c,
926 3077 958 3102 et
976 3073 1007 3108 b,

175 3108 248 3139 item
264 3108 296 3139 in
311 3123 342 3148 a,
359 3123 388 3147 κ,
405 3117 434 3140 et
453 3114 484 3147 β.
531 3111 605 3143 Jam
621 3111 692 3144 vero
707 3113 949 3145 demonstratum
964 3120 1010 3144 cst

1046 2932 1204 2962 observato
1225 2931 1294 2962 loco
1315 2931 1485 2968 conveniet,
1508 2931 1594 2962 locus
1609 2938 1713 2962 autem
1728 2941 1766 2962 ex
1786 2928 1882 2962 attera

1046 2971 1194 3012 parabola
1218 2972 1370 3004 deductus
1399 2983 1593 3015 nequaquam
1621 2973 1882 3005 observationibus

1046 3021 1208 3055 congruet.

1037 3060 1125 3112 *Ἰ*
1130 3071 1141 3110 )
1160 3074 1176 3091 ”
1194 3074 1429 3104 constructionis
1443 3060 1537 3115 hujus
1552 3073 1770 3105 demntia·
1820 3071 1881 3103 P·-

1047 3119 1093 3145 tet
1107 3123 1142 3144 ex
1160 3114 1239 3144 notis
1254 3114 1382 3153 pra-ced.
