2072 3522
269 275 293 309 4
637 266 1090 310 PHILOSOPHIAE
1121 264 1483 308 NATURALIS
1542 266 1638 319 [DE
1659 265 1821 310 Mum).
1844 267 1965 312 Srs'n

556 437 932 480 PROPOSITIO
963 437 1136 479 XXVI.
1198 435 1541 480 PROBLEMA
1571 438 1673 481 VII.

273 551 458 595 Invenire
478 544 750 593 incrbmentum
770 553 973 593 horarium
993 565 1100 592 areae
1119 565 1235 606 quam
1253 552 1389 602 lama,
1411 554 1530 594 radio
1549 555 1604 595 ad
1628 554 1795 596 Terram
1815 555 1942 606 ‹zm-to,

823 624 868 664 in
887 623 978 664 orbe
997 624 1187 664 circulari
1205 623 1401 665 describit.

323 736 519 778 Diximus
550 752 700 788 aream,
735 752 859 794 quam
891 737 1014 779 Luna
1044 737 1162 779 radio
1193 737 1246 779 ad
1279 737 1455 780 Terram
1486 738 1612 781 ducto
1631 739 1840 791 describit,
1872 753 1964 782 esse

265 807 438 862 tempori
467 807 831 862 proportionalem,
872 808 952 848 nisi
984 806 1184 864 quatenus
1213 815 1349 850 motus
1378 808 1532 850 lunaris
1571 809 1624 850 ab
1662 809 1823 851 actione
1855 808 1963 852 Solis

263 877 463 919 turbatur.
526 878 852 933 Inaequalitatem
872 878 1084 928 momenti,
1106 878 1171 919 vel
1191 877 1434 920 incrementi
1453 879 1609 920 horarii
1628 878 1699 920 hic
1717 879 1964 936 investigan-

262 947 360 988 dam
370 948 653 1003 proponimus.
695 949 757 991 Ut
776 948 1027 1002 computatio
1044 947 1202 990 facilior
1216 948 1425 999 reddatur,
1447 949 1652 1005 fingamus
1667 949 1812 990 orbem
1828 949 1964 991 Lunoe

262 1018 503 1060 circularem
522 1034 623 1069 esse,
655 1026 697 1060 et
715 1018 1012 1075 inaequalitates
1033 1033 1177 1060 omnes
1197 1019 1467 1076 negligamus,
1499 1034 1547 1061 ea
1577 1018 1663 1062 sola
1691 1019 1879 1075 excepta,
1909 1019 1964 1062 de

261 1090 341 1146 qua
361 1090 430 1132 hle
450 1092 597 1148 agitur.
649 1091 719 1134 Ob
739 1092 949 1149 ingentem
965 1090 1063 1134 vero
1081 1091 1189 1134 Solis
1205 1091 1454 1144 distantiam,
1475 1105 1680 1147 ponamus
1695 1092 1819 1134 etiam
1833 1091 1963 1135 lineas

263 1162 293 1204 S
317 1161 365 1212 Ρ,
402 1162 432 1204 S
460 1162 501 1204 T
533 1162 611 1203 sibi
642 1162 817 1204 invicem
846 1162 1061 1217 parallelas

261 1246 363 1273 esse.
426 1232 478 1287 (¹)
513 1232 612 1273 Hoc
632 1240 753 1286 pacto
773 1232 835 1272 vis
857 1231 895 1272 L
918 1230 969 1274 M
998 1247 1064 1274 re-

259 1301 434 1343 ducetur
458 1316 620 1357 semper
640 1302 694 1343 ad
713 1301 965 1343 mediocrem
994 1317 1063 1343 su-

259 1387 325 1414 am
343 1373 610 1429 quantitatem
627 1373 668 1414 T
682 1373 731 1424 P,
753 1381 799 1414 ut
819 1380 861 1415 et
879 1373 939 1414 vis
954 1373 995 1415 T
1009 1365 1062 1415 M

258 1442 313 1484 ad
346 1442 599 1484 mediocrem
639 1457 755 1483 suam
794 1443 1063 1498 quantitatem

260 1519 285 1555 3
307 1513 344 1555 Ρ
361 1513 416 1555 Κ.
477 1513 564 1555 Hae
584 1514 690 1555 vires
708 1517 800 1569 (per
818 1513 958 1571 legum
976 1513 1060 1556 Co-

257 1583 333 1625 rol.
364 1584 422 1636 2.)
457 1593 711 1639 componunt
745 1584 829 1625 vim
864 1584 906 1625 T
927 1583 991 1633 L;
1020 1591 1063 1626 et

255 1653 348 1696 haec
367 1654 442 1704 vis,
473 1654 507 1696 si
536 1654 580 1695 in
600 1654 760 1695 radium
783 1654 824 1696 T
847 1654 882 1696 P
912 1654 1062 1697 demit·-

254 1731 365 1766 tatur
383 1724 726 1780 perpendiculum
748 1724 787 1767 L
808 1724 860 1773 E,
890 1724 1059 1766 resolvi-

254 1802 322 1836 tur
352 1797 394 1837 in
430 1796 538 1837 vires
573 1796 615 1838 T
645 1796 696 1847 E,
735 1796 773 1838 E
794 1796 846 1848 L,
883 1810 1059 1852 quarum

255 1866 297 1908 T
333 1866 384 1916 E,
421 1867 584 1924 agendo
624 1881 787 1922 semper
827 1865 1057 1909 secundum

252 1937 415 1978 radium
436 1937 478 1979 T
500 1938 549 1988 P,
571 1952 648 1979 nec
668 1937 870 1980 accelerat
888 1952 966 1980 nec
985 1937 1169 1979 retardat
1187 1937 1510 1994 descriptionem
1529 1952 1637 1980 areae
1657 1937 1700 1980 T
1720 1938 1759 1980 P
1778 1938 1816 1980 C
1844 1937 1964 1980 radio

250 2009 323 2050 illo
345 2009 386 2051 T
407 2010 444 2051 P
462 2009 640 2060 factam3
671 2018 713 2052 et
733 2009 771 2052 E
793 2010 832 2052 L
852 2010 1016 2067 agendo
1036 2009 1265 2052 secundum
1284 2010 1643 2065 perpendiculum,
1673 2011 1876 2053 accelerat
1894 2009 1963 2053 vel

249 2080 433 2122 retardat
452 2081 598 2136 ipsam,
632 2088 833 2138 quantum
852 2081 1054 2123 accelerat
1072 2080 1138 2122 vel
1157 2080 1341 2123 retardat
1361 2081 1541 2123 Lunam.
1601 2082 1862 2125 Acceleratio
1889 2082 1962 2125 illa

252 2150 400 2202 Lunae,
431 2151 475 2192 in
495 2151 670 2194 transitu
688 2151 816 2207 ipsius
843 2167 868 2192 a
896 2150 1147 2208 quadratura
1179 2151 1216 2193 C
1248 2151 1302 2192 ad
1333 2152 1667 2208 conjunctionem
1698 2153 1754 2204 A,
1788 2152 1959 2211 singulis

250 2221 448 2276 temporis
468 2222 688 2264 momentis
706 2221 826 2273 facta,
849 2229 911 2264 est
932 2223 984 2278 (ἵ)
1004 2229 1052 2263 ut
1069 2222 1161 2277 ipsa
1178 2221 1239 2263 vis
1260 2221 1494 2264 accelerans
1515 2222 1554 2264 E
1566 2222 1620 2274 L,
1643 2223 1694 2278 (³)
1714 2223 1796 2265 hoc
1815 2230 1891 2274 est,
1903 2229 1959 2266 ut
1987 2226 1995 2233 '

252 2291 603 2400 {pff—{Q
679 2317 927 2373 Exponatur
960 2324 1124 2372 tempus
1152 2330 1229 2372 per
1255 2325 1416 2358 motum
1444 2316 1628 2358 medium
1655 2317 1861 2369 lunarem,
1891 2317 1958 2360 vel

251 2429 285 2482 (²²
286 2426 301 2479 )
334 2427 463 2483 (quod
483 2429 631 2471 eodem
651 2429 737 2471 fere
751 2412 918 2481 recidit)
949 2443 1026 2484 per
1044 2427 1246 2486 angulum
1277 2427 1314 2470 C
1335 2427 1377 2469 T
1399 2428 1447 2479 P,
1478 2427 1545 2470 vel
1564 2428 1689 2470 etiam
1706 2443 1799 2486 per
1811 2406 1956 2473 arcum

250 2497 285 2539 C
308 2498 356 2540 P.
417 2499 487 2540 Ad
511 2500 546 2541 C
568 2500 610 2542 T
629 2501 812 2558 erigatur
830 2499 1027 2542 normalis
1049 2500 1086 2542 C
1109 2499 1152 2542 G
1170 2500 1250 2555 ipsi
1272 2499 1309 2541 C
1331 2499 1373 2542 T
1391 2499 1575 2556 aequalis.
1626 2501 1684 2544 Et
1703 2501 1837 2546 diviso
1854 2516 1956 2549 arcu

246 2673 259 2698 t
290 2624 337 2667 (¹)
356 2627 372 2645 ⁸
390 2627 460 2658 Hoc
470 2632 569 2666 pacto.
619 2626 701 2659 Vide
719 2632 825 2659 notam
841 2626 886 2669 (¹¹)
901 2625 1075 2667 praeceden-

260 2677 319 2698 em.

289 2745 336 2787 (Ὺ)
353 2748 371 2767 0
394 2748 436 2779 Ut
449 2747 514 2793 ipsa
529 2748 574 2779 vis
587 2749 758 2780 accelerans
773 2748 840 2789 (18.
860 2747 931 2779 Lib.
947 2746 1001 2787 L).

291 2855 374 2896 (¹3⁰
389 2857 458 2887 Hoc
472 2833 848 2915 εειυιδΡξξΤΚ.
883 2856 1077 2888 Namtrian-

246 2922 325 2995 gula
341 2922 370 2953 P
386 2923 416 2953 T
434 2923 477 2961 K,
496 2924 525 2955 P
539 2925 569 2956 L
583 2925 613 2955 E
628 2930 702 2956 sunt
715 2924 828 2955 similia
841 2930 964 2964 propter
977 2935 1077 2966 angu-

261 2975 315 2995 um
329 2975 528 2997 communem
543 2967 577 2997 in
594 2967 622 2998 P
637 2973 669 2998 et
682 2966 814 3008 angulos
827 2973 925 2998 rectos
942 2967 976 2998 K
987 2973 1019 2998 et
1034 2967 1076 3005 E,

867 3009 894 3039 Ρ
902 3009 931 3041 L
942 3013 977 3047 ><
991 3010 1021 3040 Τ
1029 3009 1064 3041 Κ

932 3057 1075 3092 ΤΡ’

246 3033 709 3073 ergoestTP2TKzzPL:
727 3034 852 3066 EL.=

1120 2625 1223 2668 (sedp
1225 2630 1378 2657 ernotam
1393 2625 1952 2672 ⁰)estPL=3PKergod

1119 2668 1552 2725 EL=3PK><TK-

1162 2769 1234 2797 110.
1271 2767 1351 2810 (³⁶)
1334 2720 1784 2811 *guzeodemsererecidia
1830 2770 1951 2812 Inhy-

1118 2808 1239 2847 pothesi
1253 2811 1360 2840 orbem
1375 2809 1514 2840 lunarem
1530 2820 1595 2841 esse
1609 2810 1797 2848 citcularem,
1814 2812 1950 2854 angula
2026 2824 2030 2830 ·

1121 2851 1149 2882 C
1162 2851 1191 2882 T
1202 2851 1230 2882 P
1244 2851 1293 2882 vel
1311 2861 1400 2882 arcus
1417 2851 1443 2882 C
1461 2852 1489 2882 P
1502 2851 1603 2884 forent
1616 2853 1858 2892 proportionales
1870 2857 1949 2887 ten-

1119 2894 1197 2931 pori,
1214 2893 1332 2924 semota
1345 2893 1587 2925 consideratione
1601 2896 1836 2934 perturbationis
1844 2901 1950 2930 moun

1121 2935 1225 2966 Lunae
1239 2946 1277 2966 ex
1295 2935 1374 2966 Solis
1386 2935 1507 2967 acuone
1521 2937 1698 2977 p;roductae
1713 2938 1781 2968 hoec
1794 2936 1866 2969 vero
1879 2947 1950 2977 per-

1119 2977 1254 3009 turbatio
1268 2982 1408 3017 respectu
1421 2977 1518 3017 ipsius
1530 2978 1634 3010 motus
1649 2979 1753 3010 Lunae
1766 2985 1812 3012 est

1119 3019 1345 3061 itaqueanguli
1362 3020 1389 3051 C
1405 3020 1435 3051 T
1451 3020 1644 3053 Pvelarcus
1660 3021 1949 3063 ermpotifere

1119 3062 1362 3102 proportionales
1375 3063 1491 3095 censeri
1505 3070 1643 3104 possunt.
