2072 3522
170 252 228 296 L1
234 265 319 296 BER
331 252 569 304 Tannus]
610 251 930 296 PRINCIPIA
960 250 1450 296 MATHEMATICA.
1789 261 1807 297 1
1819 260 1870 298 15

172 364 498 407 acceleratricem
518 364 663 405 Terrae
682 364 726 405 in
745 363 923 414 Lunam,
954 371 996 406 et
1013 362 1212 405 diameter
1231 364 1366 406 Lunae
1386 363 1440 405 ad
1459 363 1704 407 diametrum
1725 366 1872 408 Terroe

171 435 446 491 conjunctim3
476 434 521 474 id
549 442 623 484 est,
653 442 701 476 ut
720 440 787 476 39.
809 437 891 477 788
913 432 967 475 ad
990 438 1008 474 1
1033 441 1075 475 et
1097 439 1177 475 100
1197 433 1250 475 ad
1270 440 1353 476 365
1374 435 1635 489 conjunctim,
1666 449 1738 476 seu
1761 442 1866 478 1081

170 506 226 548 ad
261 512 356 547 100.
417 505 543 547 Unde
576 502 672 546 cum
704 519 818 545 mare
850 511 1038 546 nostrum
1071 503 1112 544 vi
1143 503 1278 545 Lunae
1311 504 1521 545 attollatur
1554 505 1607 546 ad
1639 505 1768 560 pedes
1801 507 1869 560 8},

169 575 342 617 fluidum
373 575 517 616 lunare
550 575 591 615 vi
621 574 767 615 Terrae
786 573 917 615 attolli
936 573 1105 615 deberet
1132 573 1186 614 ad
1212 574 1340 628 pedes
1370 580 1438 617 93.
1498 574 1641 630 anue
1670 576 1724 616 de
1747 576 1870 618 causa

170 647 304 703 figura
326 648 460 688 Lunae
492 646 690 701 sphaerois
722 655 841 696 esset,
878 647 992 700 cujus
1020 645 1201 687 maxima
1230 646 1427 688 diameter
1444 647 1647 702 producta
1679 649 1871 690 transiret

169 734 245 776 per
265 728 451 760 centrum
466 719 624 767 Terrae,
648 726 689 759 et
703 726 912 772 superaret
926 718 1147 759 diametros
1161 719 1520 773 perpendiculares
1535 734 1705 761 excessu
1718 720 1872 774 pedum

174 796 268 832 186.
329 790 477 831 Talem
507 789 632 846 igitur
661 790 838 846 figuram
871 789 993 831 Luna
1023 789 1198 840 affectat,
1234 805 1405 847 eamque
1439 791 1516 832 sub
1549 791 1668 831 initio
1700 790 1872 833 induere

171 863 327 905 debuit.
389 862 445 911 Q.
467 877 503 903 e.
524 862 558 903 i.-

229 936 359 977 Corol.
383 935 428 990 (⁸)
451 934 556 976 Inde
576 919 674 975 vero
694 933 742 974 fit
760 940 807 974 ut
825 933 970 975 eadem
990 948 1152 989 semper
1167 934 1302 975 Lunae
1320 933 1443 976 facies
1462 935 1507 976 in
1527 935 1704 977 Terram
1724 935 1871 976 obver-

170 1015 294 1050 tatur.
353 1007 405 1049 In
425 1007 506 1048 alio
525 1007 634 1048 enim
655 1005 735 1048 situ
753 1020 904 1061 corpus
932 1006 1077 1048 lunare
1097 1006 1305 1062 quiescere
1323 1021 1409 1048 non
1427 1015 1574 1062 potest,
1597 1007 1671 1048 sed
1685 1006 1740 1047 ad
1759 1006 1871 1048 hunc

169 1129 251 1159 inter
263 1137 297 1158 se
310 1127 433 1164 similes,
448 1127 603 1167 alteraque
620 1126 655 1157 in
668 1126 836 1157 acutiorem
850 1126 995 1166 sphaeroi-

169 1171 241 1201 dem
255 1170 382 1201 desinat.
425 1170 532 1206 Quare
545 1169 579 1199 in
594 1179 666 1200 casu
680 1169 834 1208 praesenti,
850 1169 908 1199 erit
924 1169 954 1200 B
966 1169 996 1200 L

170 1212 211 1244 ad
225 1210 432 1248 LF,utTA
448 1211 487 1242 ad
503 1212 532 1243 T
546 1211 812 1249 E,etvicissimB
827 1210 908 1241 Dad
926 1212 954 1242 A
970 1212 996 1242 C

173 1253 998 1295 sicutLFadTE‚hocaet‚siaequalisoesetgm-

1050 1131 1148 1156 meter
1162 1125 1264 1156 Lunae
1278 1124 1383 1157 versus
1397 1131 1536 1156 centrum
1549 1125 1653 1157 Terrae
1663 1125 1807 1166 dirigitur
1819 1127 1872 1167 (ex

1051 1167 1151 1207 dem.)
1171 1169 1243 1198 hinc
1257 1167 1294 1199 fit
1306 1175 1342 1198 ut
1356 1168 1463 1199 eadem
1478 1178 1598 1207 semper
1620 1169 1721 1199 Lunae
1733 1167 1826 1198 facies
1840 1167 1874 1196 in

1054 1212 1182 1241 Terram
1195 1212 1378 1240 obvertatur.
1425 1209 1530 1240 Posita
1548 1216 1652 1240 autem
1674 1208 1874 1248 sphaeroidica

1053 1253 1156 1285 Lunae
1170 1252 1279 1293 figura,
1305 1253 1384 1283 inter
1397 1252 1495 1284 varias
1508 1252 1612 1283 Lunae
1626 1258 1726 1293 partes
1739 1261 1803 1283 non
1818 1251 1870 1282 da-

177 2009 256 2041 vitas
268 2009 463 2042 acceleratrix
479 2011 585 2042 Terrae
605 2012 637 2042 in
653 2013 776 2043 Lunam
790 2019 882 2053 atque
894 2014 997 2045 Lunae

176 2051 212 2082 in
236 2053 373 2090 Terram,
398 2053 531 2084 altitudo
554 2054 642 2085 fluidi
669 2055 786 2086 lunaris
806 2057 838 2086 in
860 2057 998 2095 partibus

176 2095 326 2134 proximis
340 2102 371 2126 et
385 2095 594 2126 remotissimis
615 2096 708 2138 supra
729 2098 859 2139 globum
882 2100 995 2136 Lunae,

178 2143 258 2168 esset
278 2138 318 2168 ad
339 2138 533 2169 altitudInem
555 2138 643 2169 fluidi
664 2141 811 2170 terrosa-is
835 2142 998 2182 analogum

178 2179 273 2219 supra
283 2172 412 2220 globum
430 2181 535 2211 Terrae
549 2187 586 2212 ut
599 2181 747 2213 diameter
761 2182 864 2213 Lunae
878 2183 917 2213 ad
931 2184 997 2215 dia-

1054 2017 1139 2048 bitur
1161 2014 1376 2057 anquilibriurm
1399 2015 1461 2046 nisi
1486 2013 1632 2054 sphaemis
1658 2013 1768 2044 Lunae·
1789 2021 1881 2042 axem

1056 2069 1148 2090 suum
1165 2059 1284 2091 Telluri
1298 2060 1434 2089 obvertat
1450 2058 1542 2099 (109)
1555 2069 1566 2094 ;
1588 2066 1681 2097 quare
1695 2056 1729 2085 in
1742 2052 1804 2086 alio
1819 2061 1881 2085 situ

1059 2111 1167 2140 corpus
1180 2101 1289 2132 lunare
1302 2100 1456 2141 quiescere
1469 2110 1532 2130 non
1547 2105 1655 2138 potest,
1672 2097 1725 2128 sed
1740 2099 1779 2127 ad
1793 2098 1880 2127 hunc

1056 2143 1150 2174 situm
1171 2143 1338 2174 oscillando
1359 2152 1479 2181 semper
1498 2141 1618 2172 redibit.
1667 2141 1816 2181 Attamen
1830 2148 1880 2168 os-

1056 2185 1235 2221 cillationes,
1258 2186 1298 2214 ob
1311 2184 1491 2222 parvitatem
1506 2184 1615 2213 virium
1630 2180 1665 2211 in
1678 2181 1807 2212 minimo
1821 2179 1879 2209 sei-

179 2229 315 2253 metrum
342 2223 456 2253 Terrae.
506 2223 640 2261 Rursus,
669 2225 695 2254 si
722 2225 818 2255 Terra
845 2232 884 2255 et·
907 2225 1000 2256 Luna

179 2265 315 2305 aequales
342 2266 475 2296 habeant
500 2265 674 2303 diametros,
704 2273 796 2297 erunt
822 2267 1002 2298 altitudines

179 2306 268 2337 fluidi
289 2308 381 2343 supra
402 2308 510 2346 globos
531 2314 567 2337 ut
589 2309 750 2344 grravitates
777 2309 1002 2341 acceleratricee

173 2348 339 2386 respective
351 2349 461 2391 (Prop.
475 2351 643 2382 LXXIV.
658 2353 728 2383 Lib.
745 2353 792 2394 1.)
853 2353 959 2388 Quare
972 2353 999 2383 si

174 2399 273 2430 neque
287 2392 420 2430 gravitas
434 2393 626 2424 accelerati-ix
642 2394 675 2424 in
688 2395 813 2426 Lunam
826 2394 952 2435 aequalis
959 2394 999 2425 sit

173 2433 329 2472 gravitatis
351 2435 554 2465 acceleratrici
580 2436 682 2467 Lunae
707 2438 740 2467 in
767 2438 907 2472 Ten-am.
940 2446 999 2467 nec

174 2473 322 2505 diameter
349 2476 450 2507 Lunae
475 2477 624 2508 diametro
653 2479 759 2510 Terrae
786 2478 921 2520 aequalis,
952 2479 998 2509 vis

177 2516 280 2546 Terrae
294 2517 333 2547 ad
348 2517 531 2549 elevandum
547 2519 679 2550 fluidum
693 2521 725 2555 in
739 2522 876 2560 partibus
886 2520 998 2551 citimIs

173 2564 206 2587 et
229 2558 346 2589 ultimis
366 2560 423 2591 erit
444 2561 481 2591 ad
505 2561 565 2591 vim
587 2562 684 2600 ipsam
707 2564 807 2594 Lunae
826 2574 895 2604 quae
913 2573 998 2593 mare

175 2606 313 2630 nostrum
335 2601 367 2631 iu
389 2603 525 2641 partibus
539 2610 569 2633 et
584 2605 641 2634 sub
664 2604 759 2635 Luna
773 2612 803 2637 et
825 2606 927 2636 Lunae
940 2615 997 2644 op-

176 2642 280 2689 positis
300 2643 459 2682 attollitur,
483 2652 518 2675 ut
538 2646 669 2686 gravitas
683 2648 874 2678 acceleratrix
896 2647 998 2677 Lunae

175 2693 209 2731 in
233 2684 359 2714 Terram
381 2686 419 2716 ad
440 2687 620 2727 gravitatem
634 2689 877 2720 accelerati-icem
893 2690 997 2720 Terrae

176 2734 209 2754 m
238 2726 374 2763 Lunam,
403 2736 434 2759 et
448 2729 596 2760 diameter
623 2731 721 2761 Lunae
745 2732 785 2762 ad
813 2732 998 2762 diametrum

178 2766 283 2797 Terrae
304 2769 502 2810 conjunctim,
528 2771 590 2802 sive
617 2778 654 2803 ut
681 2783 779 2803 massa
806 2774 907 2804 Lunae
929 2783 998 2814 quae

175 2810 315 2849 gravitati
329 2811 530 2843 acceleratrici
551 2820 596 2844 est
617 2815 849 2854 proportionalis
863 2815 901 2846 ad
917 2826 998 2846 mas-

175 2861 241 2880 sam
254 2852 356 2882 Terrae
364 2863 434 2892 quae
448 2854 554 2885 itidem
567 2858 706 2897 gravitati
721 2858 787 2899 ejus
797 2852 999 2888 accelera‘trici

174 2899 222 2924 est
235 2894 476 2932 proportionalis,
499 2904 529 2927 et
544 2897 579 2928 u't
592 2898 740 2929 diameter
762 2900 864 2930 Lunae
879 2900 918 2930 ad
932 2900 998 2930 dia-

175 2943 309 2965 metrum
326 2936 429 2966 Terrae
444 2939 639 2979 conjunctim.
691 2942 741 2971 De
752 2941 853 2982 figura
867 2942 1000 2982 corporis

178 2977 280 3007 Lunae
295 2988 374 3008 nova
388 2977 483 3019 quam
500 2981 634 3019 plurima
647 2989 739 3023 atque
752 2985 863 3015 eximia
885 2986 999 3015 haben-

176 3025 228 3091 εὖτ
252 3020 289 3069 in
316 3020 588 3054 Dissertationibus
612 3024 652 3056 de
677 3026 781 3057 Fluxu
805 3033 836 3057 et
863 3026 1000 3058 Refluxu

218 3072 283 3092 ans.

219 3103 261 3145 (⁸)
278 3107 295 3124 ⁴
312 3107 391 3137 Inde,-
415 3106 481 3138 verb
491 3109 545 3150 fit.
595 3109 754 3145 Quoniam
773 3111 907 3143 maxima
928 3111 992 3142 dia-

1056 2225 1128 2256 licet
1140 2227 1206 2256 axis
1219 2226 1342 2266 majoris
1356 2225 1448 2264 supra
1461 2225 1612 2255 minorem
1627 2233 1762 2260 excessu,
1779 2228 1878 2252 essent

1056 2267 1149 2309 longe
1170 2268 1358 2304 tardissimae,
1382 2266 1460 2298 adeo
1474 2274 1509 2297 ut
1524 2276 1586 2296 non
1601 2267 1739 2296 turbetur
1758 2263 1877 2294 lunaris

1055 2310 1158 2340 moitis
1171 2309 1252 2340 circa
1265 2320 1353 2340 axem
1369 2309 1565 2349 aequabilitaffi
1586 2306 1718 2348 ideoque
1734 2310 1803 2348 (per
1815 2311 1879 2336 not.

1055 2352 1089 2382 in
1106 2353 1198 2391 Prop.
1216 2352 1354 2392 XVII.)
1368 2352 1461 2382 facies
1474 2351 1528 2382 illa
1540 2360 1610 2391 quae
1620 2350 1747 2381 Terram
1758 2358 1878 2388 semper

1055 2395 1204 2433 respicere
1226 2394 1359 2432 deberet,
1382 2393 1477 2433 possit
1499 2393 1630 2424 alterum
1656 2391 1737 2421 orbis
1760 2390 1878 2420 lunaris

1055 2437 1236 2467 umbilicum
1250 2438 1406 2476 respicere,
1419 2446 1518 2477 neque
1531 2435 1634 2466 statim
1644 2433 1754 2465 abinde
1764 2432 1876 2464 retrahi

1056 2485 1087 2509 et
1100 2479 1133 2508 in
1150 2480 1275 2509 Terram
1291 2479 1434 2509 converti.

1097 2524 1168 2551 124.
1196 2521 1316 2552 clariss.
1339 2521 1382 2551 D.
1398 2521 1437 2551 de
1453 2520 1576 2551 Mairan
1597 2519 1631 2549 in
1650 2514 1877 2559 elegantissima

1057 2563 1278 2594 Dissertatione
1299 2563 1337 2593 de
1367 2563 1461 2593 Motu
1486 2562 1611 2592 Dim-no
1634 2560 1768 2592 Telluris
1795 2558 1876 2602 circa

1058 2606 1170 2641 Artem,
1186 2616 1256 2646 quae
1271 2605 1383 2645 legitur
1397 2605 1430 2635 in
1446 2605 1592 2635 Monum.
1605 2604 1701 2635 Paris.
1714 2612 1763 2632 an.
1782 2603 1873 2632 1729.

1054 2647 1180 2686 exponit
1193 2647 1360 2678 admodum
1376 2646 1533 2687 ingeniose
1553 2653 1644 2686 prout
1658 2653 1778 2683 semper
1790 2642 1873 2678 facit,

1054 2699 1110 2719 cur
1135 2689 1241 2720 eadem
1273 2691 1372 2720 Lunae
1395 2689 1487 2719 facies
1508 2689 1541 2718 in
1572 2689 1699 2719 Terram
1727 2683 1875 2715 continue>

1053 2733 1237 2768 obvertatur,
1249 2733 1404 2772 variafflue
1414 2731 1545 2770 explicat
1555 2730 1774 2771 inaequalitates
1784 2727 1876 2757 libra-

1053 2773 1145 2803 tionis
1166 2774 1284 2804 lunaris
1308 2774 1340 2809 in
1364 2773 1599 2814 longitudinem.
1659 2772 1876 2812 Conjecturam

1054 2815 1127 2846 facit
1155 2816 1202 2846 vir
1227 2816 1430 2852 doctissimus,
1463 2816 1685 2855 homogeneam
1718 2821 1781 2842 uon
1811 2821 1876 2841 esse

1056 2858 1159 2888 Lunae
1172 2859 1340 2896 materiam,
1364 2857 1416 2888 sed
1431 2857 1668 2896 hemispherium
1682 2854 1811 2886 inferius
1823 2862 1877 2883 su-

1057 2900 1168 2938 periori
1188 2901 1312 2941 gravius
1333 2900 1476 2939 supponit
1488 2911 1498 2936 ;
1520 2909 1582 2939 quo
1603 2899 1701 2937 posito
1714 2896 1804 2928 facile
1822 2895 1877 2926 de-

1057 2949 1207 2973 monstrat
1229 2943 1353 2973 Lunam
1378 2947 1517 2980 respectu
1534 2941 1667 2971 Telluris
1682 2941 1714 2970 in
1728 2940 1789 2969 situ
1803 2948 1877 2968 con-

1057 2984 1150 3020 stanti
1163 2995 1297 3015 manere.
1341 2985 1492 3015 observat
1504 2983 1616 3013 deinde
1629 2983 1692 3013 fieri
1714 2991 1777 3012 non
1791 2989 1879 3020 posse

1056 3031 1094 3055 ut
1107 3034 1249 3057 constans
1260 3032 1383 3056 maneat
1406 3026 1508 3056 Lunae
1521 3025 1639 3064 positio,
1662 3024 1721 3055 nisi
1739 3029 1881 3054 constans

1057 3078 1181 3108 quoque
1195 3069 1233 3099 sit
1248 3069 1390 3099 velocitas
1405 3067 1492 3097 fluidi
1514 3069 1544 3097 in
1559 3078 1621 3108 quo
1638 3068 1762 3098 Lunam
1784 3065 1882 3107 ipsam

1058 3110 1170 3142 deferri
1194 3112 1330 3141 assumit.
1380 3110 1440 3141 Sed
1463 3110 1497 3140 in
1521 3111 1607 3140 omni
1629 3108 1728 3141 orbita
1748 3108 1884 3145 emptica
