2072 3522
241 267 324 310 156

661 218 1113 308 PHiLoSOPHIAE
1144 264 1506 308 NATURALIS
1535 265 1630 319 [DE
1643 265 1949 311 Manasswzsv.

238 378 466 436 perexigua
495 358 709 420 obvenerit
721 394 734 428 3
774 385 994 442 postquam
1021 378 1188 419 inventa
1208 386 1313 420 sunt
1340 385 1500 434 puncta'
1515 378 1563 430 F,
1591 378 1617 420 f
1633 387 1675 422 et
1695 380 1751 431 G,
1772 385 1828 438 g,³
1845 386 1950 432 actae

239 459 364 492 rectae
406 450 441 491 F
459 449 483 490 f
494 456 536 491 et
557 449 600 492 G
618 465 648 507 g
667 450 866 492 secabunt
887 449 929 491 T
948 449 989 490 A
1010 456 1051 491 et
1071 466 1092 488 τ
1113 449 1149 491 C
1171 448 1232 504 (²¹¹²)
1253 449 1296 490 in
1315 449 1478 504 punctis
1498 450 1678 508 quaesitis
1700 450 1746 492 X
1766 458 1808 493 et
1827 450 1876 493 Z.
1907 460 1910 464 '

282 578 333 621 (“)
350 580 368 598 ”
385 580 428 609 In
444 579 570 618 punctis
583 579 713 618 quaesitis
727 578 767 609 X
775 583 803 608 et
820 579 854 609 Ζ.
899 577 961 619 (Ut
981 581 1066 616 patet

237 631 275 652 ex
290 620 365 652 nota
380 620 436 660 (¹¹),
452 621 485 651 in
499 621 577 651 hanc
595 620 713 660 Prop.).

279 667 350 695 146.
373 662 405 693 Si
419 662 553 702 elliptica
561 669 688 693 cometae
702 662 801 693 orbita
814 661 913 702 magis
926 660 1067 692 accurate

236 705 496 737 observationibus
510 705 681 736 satisfacere
695 705 949 744 deprehendatur,
972 714 1008 734 ea
1023 703 1066 734 sic

234 748 347 788 poterit
367 747 504 780 describi.
555 747 738 786 Repexiatur
758 748 921 787 vestigium
940 752 1068 777 cometae

235 792 268 821 in
283 792 377 831 plano
390 791 539 830 eclipticae
553 792 586 821 in
600 791 809 830 observatione
824 789 967 825 secunda,
989 798 1067 818 eun-

235 834 307 865 dem
326 834 466 866 ordinem
487 834 644 875 situmque
665 832 783 865 obtinet
802 832 967 874 vestigium
987 830 1067 862 illud

226 2107 305 2138 inter
325 2113 441 2148 puncta
464 2109 503 2145 B,
523 2111 555 2148 b,
579 2114 609 2148 β,
630 2120 723 2151 quem
745 2117 896 2150 punctum
919 2112 956 2149 Z,
979 2111 1058 2146 inte!

228 2151 264 2188 C,
278 2161 304 2188 c,
318 2165 348 2188 κ,
364 2151 412 2182 vel
429 2152 475 2189 X,
491 2152 571 2184 inter
584 2154 624 2187 A,
635 2164 664 2191 a,
676 2168 705 2184 α.
743 2155 794 2184 Ex
810 2154 937 2196 vestigio
951 2154 995 2185 sic
1008 2155 1057 2185 in-

225 2200 325 2230 vento,
349 2194 389 2224 ad
417 2194 548 2234 planum
576 2195 725 2234 eclipticae
752 2196 888 2237 erigatur
910 2197 1058 2227 normalis

223 2245 294 2276 quae
317 2243 362 2267 est
382 2243 514 2278 tangens
538 2237 708 2269 latitudinis
729 2239 763 2269 in
781 2239 991 2270 observatione
1010 2250 1058 2270 se-

224 2277 328 2309 cund&
350 2279 390 2309 ad
413 2280 536 2310 radium
559 2281 710 2321 aequalem
732 2281 883 2313 distantiae
908 2283 988 2312 inter
1010 2281 1057 2312 lo-

223 2330 296 2351 cum
311 2327 334 2358 t,
349 2321 528 2363 dictumque
543 2323 717 2363 vestigium.
766 2324 874 2365 Hujus
894 2324 1057 2363 perpendi-

223 2363 286 2393 culi
302 2370 475 2395 extremum
491 2371 642 2403 punctum
657 2365 791 2406 signabit
810 2367 914 2397 locum
930 2373 1058 2397 cometae

221 2405 256 2435 in
271 2405 370 2436 orbita
383 2407 506 2446 propria
520 2406 656 2438 secundo
667 2410 870 2439 observatum.
912 2409 1059 2449 Denique

222 2448 371 2479 umbilico
388 2449 418 2483 S.
435 2459 490 2488 per
503 2456 620 2489 puncta
636 2450 681 2488 X,
697 2451 732 2487 Z,
753 2456 950 2490 etfpunctum
964 2449 1059 2481 modo

221 2490 383 2522 inventum
395 2491 584 2523 describatur
594 2492 708 2533 ellipsis
721 2493 918 2535 (Prop.XX.
925 2493 995 2524 Lib.
1002 2493 1057 2534 L),

223 2533 290 2564 haec
305 2534 361 2565 erit
375 2534 503 2573 quaesita
517 2541 646 2566 cometae
663 2535 844 2576 trajectoria.

268 2579 338 2608 147.
375 2576 426 2607 Ex
451 2577 652 2616 praecedentis
679 2578 882 2609 Problematis
906 2577 1059 2608 solutione

223 2618 328 2659 colligi
341 2625 470 2659 possunt
484 2619 596 2659 positio
610 2620 700 2651 lineae
711 2620 864 2651 nodorum
879 2620 1059 2661 trajectoriae

224 2667 256 2692 et
284 2667 407 2700 tempus
434 2671 497 2702 quo
526 2668 646 2693 cometa
669 2662 767 2693 nodos
789 2668 884 2694 tenet·
941 2663 1059 2693 Iisdem

224 2705 431 2740 manendbuffi
454 2709 486 2734 et
506 2714 561 2744 per
574 2704 696 2736 easdem
712 2704 827 2736 litteras
840 2705 1007 2744 designatis
1021 2710 1059 2735 ut

223 2746 326 2785 supra,
342 2745 556 2785 producuntur
569 2752 660 2778 rectae
677 2747 703 2778 Z
719 2747 765 2785 X,
784 2748 816 2778 R
830 2757 854 2784 r,
871 2747 968 2778 donec
983 2757 1058 2777 con-

225 2794 351 2819 currant
372 2788 404 2818 in
427 2791 481 2831 «st»
502 2788 560 2830 jun
585 2795 737 2830 anturque
761 2789 783 2821 S
805 2790 840 2826 Z,
867 2790 888 2820 S
906 2790 949 2827 X,
975 2790 997 2821 S
1012 2793 1053 2832 52

220 2830 286 2870 jam
302 2829 374 2861 vero
391 2832 443 2872 (cx
459 2841 557 2871 praece
581 2831 608 2871 .)
631 2831 703 2862 data
723 2838 797 2862 sunt
817 2831 923 2862 omnia
943 2839 1059 2871 puncta

228 2873 260 2909 S,
279 2873 314 2909 Z,
333 2873 377 2910 X,
401 2873 533 2915 ideoque
555 2874 702 2915 trianguli
726 2875 748 2905 S
769 2875 793 2904 Z
810 2875 855 2911 X,
878 2880 942 2904 tam
964 2874 1059 2906 latera

224 2913 320 2954 quam
331 2916 448 2956 anguli,
459 2927 495 2948 ac
506 2915 634 2955 proinde
647 2916 810 2948 innotescit
820 2916 912 2947 etiam
924 2917 1059 2957 angulus

230 2957 261 2987 S.
276 2957 310 2987 X
334 2961 387 3000 εἰ.
447 2960 498 2990 Ex
515 2958 584 2989 loco
608 2968 633 2995 r,
657 2958 788 2990 ducatur
813 2969 828 2989 r
845 2959 885 2996 0,
913 2958 953 2989 ad
977 2960 1002 2989 Z
1024 2960 1059 2990 X

225 2998 370 3038 pai-allelu
397 3008 488 3032 rectae
519 3001 550 3032 R
578 3001 613 3036 Z,
643 3010 806 3032 occurrens
834 3001 867 3031 in
896 3001 936 3037 0,
966 3008 1060 3033 erunt

227 3042 383 3083 triangula
401 3044 431 3074 R
446 3044 476 3075 O
489 3054 504 3074 r
518 3050 549 3075 et
562 3053 579 3074 r
591 3043 626 3074 X
638 3046 690 3118 δὲ,
706 3043 911 3084 aequiangula,
927 3042 1061 3084 ide6que

227 3083 301 3114 ciim
325 3095 362 3116 ex
386 3086 466 3116 notis
487 3086 633 3117 lateribus
702 3096 776 3116 r=
794 3086 819 3116 Z
838 3086 882 3123 X,
908 3094 939 3116 et
962 3086 992 3117 Ο
1017 3087 1058 3123 R,

228 3126 400 3159 differentia
421 3135 565 3160 notarum
586 3134 740 3161 rectarum
752 3129 789 3169 B.
807 3129 832 3159 Z
854 3134 885 3159 et
906 3139 922 3159 r
940 3128 971 3158 X
995 3128 1059 3160 una

1111 585 1185 606 cum
1214 575 1331 617 angulo
1354 582 1438 607 recto
1466 577 1498 608 R
1516 577 1546 608 Ο
1559 586 1586 613 r,
1610 577 1802 610 innotescant
1826 578 1946 621 reliqua
1990 603 1997 610 ,2

1111 619 1207 649 latera
1221 624 1252 649 et
1265 618 1383 659 anguli,
1406 619 1562 650 dabuntur
1575 630 1699 661 quoque
1718 620 1828 662 anguli
1847 623 1945 654 trian-

1111 660 1180 702 guli
1200 671 1217 691 r
1233 662 1266 692 X
1283 664 1337 704 st.
1381 662 1442 692 Sed
1455 662 1548 694 datur
1565 661 1599 692 in
1613 664 1672 694 hoc
1686 663 1842 704 triangulo
1862 664 1945 696 latus

1111 713 1213 734 unum
1238 704 1271 734 X
1297 715 1323 741 r,
1348 703 1505 736 dabuntur
1526 702 1601 745 erg&
1629 711 1660 737 et
1687 706 1805 746 reliqua
1831 707 1944 746 nempe

1113 747 1147 777 X
1164 749 1204 788 52
1232 754 1263 778 et
1286 758 1302 777 r
1317 750 1371 790 ἢ.
1419 747 1543 778 Βεὶιιᾶέ
1566 747 1600 776 in
1623 748 1779 790 triangulo
1798 751 1840 792 ὁὶ
1857 749 1890 780 Χ
1907 749 1940 788 S,

1112 798 1185 821 uota
1198 796 1271 822 sunt
1284 790 1380 823 latera
1395 790 1430 822 X
1446 791 1478 829 S,
1503 791 1538 822 X
1553 792 1607 833 52,
1629 801 1703 823 cum
1717 792 1834 833 angulo
1846 791 1940 823 inter-

1103 1866 1193 1900 cepto
1209 1860 1230 1889 S
1241 1860 1275 1890 X
1287 1863 1340 1902 εὶ,
1355 1859 1525 1890 innotescet
1537 1859 1642 1898 itaque
1656 1858 1790 1899 angulus
1801 1858 1837 1889 X
1849 1858 1871 1890 S
1882 1861 1937 1902 ἢ.

1105 1903 1167 1934 sed
1182 1902 1273 1933 datur
1295 1905 1364 1944 (per
1377 1901 1510 1941 observ.)
1533 1901 1644 1941 positio
1657 1907 1749 1931 rectae
1766 1900 1788 1931 S
1804 1900 1850 1938 X,
1866 1901 1937 1946 [ἀνὰ

1102 1944 1238 1985 angulus
1258 1955 1352 1984 quem
1373 1944 1446 1974 facit
1464 1953 1538 1974 cum
1561 1943 1592 1974 T
1607 1943 1650 1974 X.
1694 1943 1778 1973 Nam
1791 1942 1825 1972 in
1839 1942 1936 1975 trinn-

1102 1987 1180 2027 gulo
1196 1987 1230 2017 X
1245 1987 1274 2018 T
1285 1988 1316 2024 S,
1333 1986 1448 2017 dantur
1460 1986 1557 2016 latera
1572 1985 1602 2016 T
1615 1985 1647 2023 S,
1665 1985 1695 2016 Τ
1707 1985 1742 2015 X
1756 1990 1788 2016 et
1800 1984 1945 2026 ungulus

1105 2030 1139 2060 X
1164 2029 1193 2060 T
1218 2029 1248 2066 S,
1275 2028 1419 2060 distantia
1440 2028 1520 2059 inter
1542 2027 1646 2059 locum
1673 2027 1753 2058 Solis
1774 2026 1947 2068 cogni*

1100 2071 1269 2111 locumque
1293 2076 1422 2102 cometae
1449 2068 1551 2110 primo
1575 2071 1786 2100 observatum.
1804 2110 1807 2113 ἱ
1825 2067 1938 2101 4ῐἸικΙό

1102 2113 1267 2144 innotescit
1288 2114 1319 2145 T
1334 2113 1368 2144 X
1387 2113 1419 2150 S,
1442 2123 1478 2143 ac
1502 2110 1631 2151 proinde
1656 2117 1688 2142 et
1841 2117 1937 2144 reeta

1102 2160 1144 2199 ὁὶ
1164 2158 1186 2188 S
1199 2156 1251 2195 15,
1267 2157 1325 2187 hoc
1339 2162 1395 2192 est,
1409 2155 1566 2186 dabuntur
1579 2153 1649 2185 lom
1724 2154 1727 2157 ’
1763 2157 1765 2160 ⁴
1781 2163 1814 2184 m
1828 2163 1847 2184 e
1862 2153 1936 2186 Sob‘

1101 2201 1175 2230 visa·
1223 2198 1319 2236 Quod
1334 2198 1360 2228 si
1374 2197 1506 2238 aequales
1519 2195 1638 2227 fuerint
1649 2202 1740 2227 ηοω
1757 2196 1782 2226 Ζ
1800 2196 1842 2233 R,
1860 2196 1894 2227 X
1905 2205 1932 2235 r,

1101 2242 1256 2274 nodorum
1270 2241 1353 2271 linea
1366 2238 1512 2279 parallela
1524 2244 1571 2270 eu
1583 2243 1675 2270 recte
1690 2238 1716 2269 Z
1734 2238 1780 2274 X,
1799 2236 1935 2280 ide6que

1101 2284 1252 2325 positione
1266 2283 1397 2324 cognita.

1149 2327 1203 2357 Ad
1225 2323 1493 2357 determinandum
1518 2329 1640 2362 tempus
1671 2332 1735 2363 quo
1755 2328 1875 2354 cometa
1897 2321 1932 2354 in

1104 2368 1189 2400 nodo
1210 2373 1353 2405 versatur,
1375 2366 1415 2397 ἀι
1439 2366 1471 2397 R
1485 2375 1511 2404 r,
1531 2364 1702 2407 tmjecwtia
1721 2371 1849 2396 comem
1863 2366 1934 2407 (per

1107 3043 1200 3083 Prop.
1212 3040 1361 3082 praeced.)
1374 3039 1534 3079 descripta,
1548 3038 1646 3080 sitque
1656 3035 1796 3077 superius
1809 3034 1935 3066 inventa

1104 3085 1258 3117 nodorum
1273 3084 1355 3115 linea
1370 3086 1410 3125 Ω,
1431 3083 1453 3114 S
1469 3082 1521 3122 25.
1545 3080 1723 3122 trajectoriae
1736 3078 1769 3109 in
1785 3081 1826 3121 52
1843 3085 1875 3109 et
1890 3077 1932 3117 ’Β

1106 3137 1276 3165 occurrens,
1306 3127 1364 3158 erit
1392 3126 1502 3169 (Prop.
1524 3125 1552 3156 1.
1577 3124 1648 3155 Lib,
1668 3121 1716 3162 1.)
1738 3120 1934 3153 intervallum
