2072 3522
161 238 308 282 ann
328 234 565 286 Tznrms]
626 232 947 276 PRINCIPIA
977 228 1466 273 MATHEMATICA.
1801 233 1854 270 23

159 349 307 392 minuit
323 347 492 390 effectus
523 359 666 387 omnes
699 345 744 386 in
777 343 980 400 aliquibus
1008 341 1183 391 casibus,
1216 338 1416 396 quantum
1436 346 1560 396 auget
1591 339 1636 380 in
1668 338 1782 389 aliis;
1814 347 1856 381 et

160 420 366 461 nodorum
398 424 532 460 motus
553 415 780 457 mediocres
798 414 1034 470 quaerimus,
1067 411 1264 468 neglectis
1283 409 1516 452 istiusmodi
1534 409 1731 459 minutiis,
1763 424 1856 464 quae

162 489 364 532 calculum
383 488 504 528 nimis
523 486 765 542 impeditum
786 485 1019 526 redderent.

217 560 423 616 Designet
449 559 536 613 jam
569 557 605 598 P
626 556 678 598 M
709 570 863 605 arcum,
897 568 1020 610 quem
1039 553 1164 595 Luna
1192 553 1290 594 dato
1323 560 1510 607 tempore
1530 551 1655 608 quzim
1685 549 1858 593 minimo

161 631 368 680 describit,
403 638 443 670 et
476 629 527 670 M
549 628 586 668 L
616 617 810 668 lineolam
830 627 944 681 cujus
965 624 1179 667 dimidium
1203 623 1339 673 Luna,
1370 622 1608 678 impellente
1628 623 1668 663 vi
1687 622 1858 678 praefatfi

163 708 187 743 3
210 700 232 742 Ι
254 701 308 750 Τ,
343 700 491 741 eodem
510 707 694 751 tempore
715 696 947 738 describere
965 703 1118 750 posset.
1178 692 1230 749 (¹²)
1262 693 1499 749 Jungantur
1521 693 1558 734 P
1579 693 1630 743 L,
1664 692 1716 734 M
1739 693 1787 742 P,
1817 702 1861 736 et

160 771 443 827 producantur
462 784 523 810 eae
552 768 605 809 ad
634 783 677 808 m
697 776 738 809 et
756 768 783 817 l,
817 767 888 807 ubi
908 774 1046 807 secent
1063 765 1233 821 planum
1253 764 1453 819 eclipticae
1464 779 1475 813 ;
1506 764 1632 819 inque
1654 763 1695 804 T
1714 777 1756 803 m
1786 763 1860 805 de-

161 845 346 887 mittatur
364 841 704 900 perpendiculum
728 840 762 881 P
785 839 846 880 H.
888 839 944 880 Et
963 838 1157 894 quoniam
1177 844 1288 879 recta
1309 836 1361 878 M
1382 836 1420 877 L
1439 835 1636 891 parallela
1654 843 1717 876 est
1735 835 1860 890 plano

161 917 382 972 eclipticae3
410 914 587 969 ideoque
606 926 701 953 cum
721 910 831 952 rect&
862 925 905 950 m
925 910 938 950 l
969 925 1061 965 quae
1081 909 1123 949 in
1142 908 1268 964 plano
1286 907 1359 949 illo
1372 909 1483 963 jacet
1503 921 1748 948 concurrere
1776 921 1862 947 non

160 995 309 1042 potest,
331 994 373 1028 et
391 994 529 1027 tamen
541 984 682 1039 jacent
700 981 767 1022 hae
787 989 910 1022 rectae
930 981 973 1021 in
992 980 1117 1035 plano
1133 979 1343 1020 communi
1363 978 1402 1020 L
1418 977 1471 1020 M
1487 977 1524 1019 P
1539 992 1582 1018 m
1596 977 1612 1018 l
1622 992 1634 1027 ;
1655 976 1863 1032 parallelae

163 1066 284 1099 erunt
301 1056 369 1097 hae
388 1063 525 1104 rectae,
547 1063 590 1095 et
607 1060 828 1108 propterea
848 1051 994 1092 similia
1013 1059 1135 1091 erunt
1154 1049 1360 1106 triangula
1380 1049 1418 1090 L
1436 1047 1488 1090 M
1505 1049 1553 1099 P,
1574 1048 1591 1089 l
1610 1063 1653 1089 m
1670 1049 1719 1090 P.
1768 1048 1863 1089 Jam

162 1126 257 1170 cum
278 1126 331 1169 M
348 1127 384 1168 P
403 1141 446 1166 m
467 1125 520 1167 sit
538 1124 582 1165 in
602 1123 726 1178 plano
746 1122 868 1172 orbis,
890 1122 933 1162 in
954 1136 1036 1177 quo
1056 1121 1179 1163 Luna
1198 1120 1243 1160 in
1262 1120 1355 1161 loco
1377 1119 1413 1162 P
1432 1120 1690 1169 movebatur,
1711 1118 1865 1159 incidet

162 1185 361 1255 punctum
378 1213 422 1239 m
440 1198 484 1238 in
503 1197 656 1238 lineam
685 1195 727 1236 N
748 1210 774 1235 n
805 1209 880 1249 per
900 1193 1010 1235 orbis
1030 1192 1138 1234 illius
1159 1192 1292 1234 nodos
1314 1192 1369 1242 N,
1389 1206 1419 1234 n
1439 1191 1618 1233 ductam.
1679 1190 1735 1231 Et
1762 1204 1864 1244 quo-

162 1337 207 1368 vis
215 1337 339 1378 obliqua
358 1335 437 1367 Solis
450 1336 472 1367 S
485 1335 523 1372 P,
542 1335 564 1365 S
576 1335 607 1365 R
621 1334 655 1365 in
669 1334 767 1373 ipsam
781 1343 872 1374 agere
887 1333 988 1363 conci-

162 1380 274 1419 piatur,
289 1389 359 1419 quae
373 1380 407 1408 in
421 1378 498 1409 duas
517 1377 680 1413 dividatur,
697 1386 791 1406 unam
814 1375 990 1414 parallelam

162 1422 252 1453 kineae
278 1422 301 1452 S
317 1422 356 1456 T,
383 1420 555 1451 secundnm
580 1419 762 1449 directiones
787 1418 815 1447 P
832 1418 871 1454 Y,
901 1418 933 1447 R
957 1417 991 1447 X

162 1470 316 1504 agentem,
342 1463 469 1494 alteram
482 1464 557 1492 huic
571 1460 856 1501 perpendicularem
881 1470 990 1490 secun-

158 1506 238 1536 dum
253 1505 434 1536 directiones
452 1505 478 1535 P
496 1505 524 1540 1,
545 1505 576 1534 R
589 1504 607 1534 1
618 1503 683 1540 3de
696 1503 808 1533 effectu
823 1501 869 1531 vis
882 1511 991 1532 secun-

162 1547 240 1578 dnm
268 1548 449 1579 directiones
480 1547 509 1577 P
535 1547 576 1583 Y,
610 1546 641 1576 R
669 1545 703 1575 X
732 1544 851 1585 agentis
875 1544 908 1574 in
933 1545 991 1575 hoc

162 1590 350 1630 problemate
374 1595 479 1620 actum
503 1595 570 1626 eeu
603 1588 786 1618 directiones
810 1586 882 1617 vero
910 1587 938 1616 P
962 1587 990 1623 1,

166 1633 198 1663 R
221 1633 236 1663 l
261 1642 328 1663 sese
351 1638 462 1663 mutuo
484 1636 708 1670 compensant;
731 1628 884 1659 dividatur
909 1629 992 1659 enim

163 1685 268 1705 rursus
281 1675 326 1704 vis
342 1674 371 1705 P
387 1675 413 1711 1,
434 1674 465 1704 R.
482 1673 499 1704 1
514 1673 547 1702 in
561 1673 638 1703 duas
652 1672 739 1708 vires,
756 1681 851 1701 unam
871 1672 897 1701 P
911 1671 932 1708 i,

166 1718 197 1748 R
208 1717 219 1747 i
233 1716 402 1748 secundum
411 1716 539 1755 planum
549 1715 654 1746 orbitae
664 1714 781 1744 lunaris
791 1720 934 1754 agentem

161 1758 294 1800 ideoque
306 1759 460 1790 nodorum
470 1757 653 1798 positionem
670 1767 732 1786 nou
746 1757 931 1792 turbantem,

162 1802 288 1832 alteram
306 1802 334 1832 P
348 1812 379 1841 p,
398 1802 429 1831 R
443 1811 458 1830 r
472 1800 529 1840 ipsi
543 1799 850 1840 perpendicularem5
866 1799 933 1829 haee

162 1844 315 1875 nodorum
329 1843 519 1883 positionem,
543 1842 688 1882 planique
702 1841 932 1871 inclinationem

161 1886 293 1924 nffiuieu
315 1886 369 1917 sed
382 1885 455 1917 cim
472 1885 519 1916 'de
542 1884 629 1925 plani
641 1884 840 1914 inclinatione
860 1883 934 1914 hinc.

162 1937 226 1958 non
239 1934 358 1970 agatm,
384 1938 508 1958 manere
521 1927 607 1967 plani
620 1926 852 1957 inclinationem
874 1926 934 1955 fiu-

161 1978 262 2011 gutur,
286 1971 390 2011 itaque
414 1971 459 2001 vis
486 1970 514 2001 P
538 1980 568 2009 p,
598 1969 629 2000 R
653 1969 665 1998 i
690 1969 766 1999 dum
792 1968 935 1999 admovet

162 2019 277 2051 punem
293 2013 321 2043 P
335 2019 366 2044 et
383 2014 415 2044 R
429 2012 468 2043 ad
482 2012 664 2052 eclipticam}
687 2012 781 2042 efficit
795 2018 832 2041 ut
845 2010 934 2041 nodis

162 2055 322 2086 viciniores
329 2055 491 2086 videamur
501 2065 555 2086 seu
571 2060 607 2085 ut
620 2053 692 2084 nodi
704 2064 808 2084 versus
819 2061 934 2092 puncta

163 2096 340 2137 ilhmoveri
346 2104 541 2132 cmseautnr,
552 2095 774 2137 ideoqueamio
787 2088 821 2125 in
837 2106 933 2134 punc-

163 2144 231 2170 tum
257 2139 287 2170 Ρ
309 2139 405 2170 efficit
427 2146 464 2170 ut
485 2139 586 2169 nodus
609 2139 640 2169 N
663 2139 697 2168 in
718 2139 934 2178 consequentia

162 2181 288 2219 feratur,
314 2188 346 2212 et
370 2181 449 2212 actio
463 2181 497 2211 in
511 2187 665 2220 punctum
683 2181 714 2210 R
729 2180 821 2210 efficit
835 2187 871 2210 ut
892 2181 992 2212 nodus

1033 1332 1146 1373 exiguo
1161 1331 1306 1370 tempori,
1320 1330 1480 1361 intervallo
1486 1329 1670 1359 sensibiliter
1683 1339 1746 1358 non
1762 1335 1864 1359 mute-

1034 1382 1095 1412 tur,
1108 1379 1174 1405 ωω
1187 1380 1324 1412 tempore
1334 1382 1397 1413 quo
1409 1372 1631 1409 describeretur
1646 1371 1759 1401 lineola
1775 1371 1804 1402 P
1814 1371 1864 1407 Μ,

1034 1427 1070 1448 ea
1084 1417 1129 1446 vis
1143 1426 1199 1455 pro
1212 1416 1359 1446 uniformi
1381 1414 1503 1444 adsumi
1516 1420 1624 1452 potest,
1647 1413 1720 1443 hinc
1733 1413 1783 1443 via
1796 1423 1867 1454 quae

1034 1459 1215 1490 describitur
1228 1468 1282 1497 per
1303 1456 1493 1487 velocitatem
1514 1455 1709 1486 uniformiter
1727 1465 1865 1485 crescen-

1034 1500 1308 1532 temabeavisl
1329 1497 1867 1540 Tgenitamestdimidiaejusviae

1034 1554 1104 1584 quae
1129 1543 1350 1573 describeretur
1373 1551 1428 1579 per
1452 1536 1594 1571 ultimam
1620 1539 1812 1570 velocitatem
1833 1540 1867 1570 in

1034 1587 1097 1616 fine
1111 1583 1256 1624 tem'poris
1280 1584 1308 1614 P
1324 1584 1362 1614 M
1376 1583 1524 1624 genitam,
1546 1589 1579 1613 et
1598 1582 1787 1613 uniformem
1801 1592 1868 1612 ma-

1036 1635 1162 1659 nentem
1177 1634 1241 1658 toto
1255 1633 1393 1666 tempore
1409 1624 1438 1658 P
1455 1626 1503 1661 M,
1528 1624 1613 1665 quod
1626 1623 1736 1655 eadem
1750 1625 1868 1655 ratione

1033 2182 1155 2221 probari
1179 2189 1279 2222 potest
1301 2193 1337 2213 ac
1362 2184 1526 2222 probatum
1553 2183 1615 2214 fuit
1643 2183 1682 2213 de
1710 2183 1868 2224 gravitatis

165 2233 188 2254 n
210 2224 246 2254 in
269 2224 480 2255 &medentia
501 2224 608 2257 fertur.
635 2221 777 2263 ideoque,
811 2222 891 2254 Solis
911 2224 993 2254 actio

163 2265 287 2307 obliqua
310 2267 345 2297 in
370 2272 521 2306 punctum
551 2266 578 2296 P
602 2272 723 2296 motum
745 2266 994 2306 retrogressivum

164 2308 415 2340 nudimumex
436 2308 467 2338 vi
490 2307 995 2347 PYparallelalineaeSTtan-

164 2349 235 2382 tum
258 2351 374 2382 minuit
398 2343 553 2392 quantuni
578 2350 685 2382 eadem
710 2350 790 2380 actio
811 2350 935 2390 obliqua
959 2351 993 2380 in

165 2399 318 2432 punenun
344 2394 378 2425 R
398 2399 493 2434 auget
505 2403 579 2424 eum
601 2400 723 2425 motum
743 2393 992 2433 reoeoffessivum

166 2442 276 2467 mm
287 2446 328 2467 ex
342 2436 373 2466 vi
390 2437 422 2467 R
438 2437 482 2467 X.

209 2478 259 2520 (Ε)
275 2481 293 2498 ”
308 2481 356 2511 Et
367 2480 410 2510 M
414 2480 446 2511 L
459 2480 600 2510 lineolam
613 2478 702 2519 cujus
716 2480 875 2509 dimidium
885 2479 994 2515 Lum,

166 2521 739 2561 enpoaeaeoedslrdeecriberet
766 2528 904 2560 tempore
931 2531 995 2561 quo

169 2561 263 2593 Luna
284 2573 394 2594 mum
410 2563 438 2595 P
453 2563 493 2594 M
706 2576 716 2600 3
739 2564 868 2594 assumit
887 2565 995 2604 utique

169 2603 352 2644 Hewmnnst
367 2612 405 2637 ut
416 2606 463 2636 rm·
475 2612 641 2645 conceptus
651 2606 769 2637 facilior
782 2606 845 2643 flat,
860 2606 997 2637 actim

169 2655 277 2678 omnes
298 2649 344 2680 vis
361 2652 387 2680 δ
402 2649 421 2679 Ι
440 2648 470 2681 Τ
595 2648 736 2680 exe-citae
762 2648 892 2679 fuerunt
918 2648 997 2679 dum

168 2690 556 2730 nunPMpereurrimr
576 2692 668 2723 simia
687 2697 717 2722 ee
735 2693 946 2722 semdinloc·
968 2693 999 2723 Ρ

168 2732 326 2772 inpressae
337 2744 409 2782 esse,
423 2734 528 2775 :ioque
540 2739 663 2765 monim
678 2733 781 2764 Lunoe
793 2743 834 2763 ex
849 2733 877 2764 P
890 2742 994 2771 mom,

170 2783 248 2847 ἔτει
261 2783 465 2858 aa&
473 2776 872 2850 etxexveleocbciuzeoemulffl
890 2817 997 2859 geniti

170 2861 480 2897 per-cumeanus
515 2861 822 2901 SITagentem
858 2868 995 2900 tempore

171 2900 284 2941 aquali
301 2901 352 2932 iffi
366 2913 436 2944 qno
456 2903 636 2935 describitur
659 2913 749 2934 arens
776 2903 805 2934 P
821 2903 870 2940 M,
893 2903 938 2934 ita
960 2909 996 2934 ut

173 2942 269 2991 {nna
282 2951 428 2984 sequatur
465 2946 471 2952 ⁴
649 2945 928 2997 parallelogrammi
941 2956 995 2976 cu-

167 2995 223 3025 ju·
234 2987 424 3018 unumun-
437 2987 476 3019 ait
492 2989 581 3025 PM,
595 2988 998 3028 alterumvmpanudum

173 3033 206 3058 et
227 3028 449 3069 aequalelineae
473 3030 579 3069 LM;
600 3031 806 3063 een-laum
832 3031 999 3062 visssl'l*

1034 2224 1154 2255 actione
1168 2234 1200 2254 n.
1217 2228 1270 2255 50.
1290 2225 1363 2255 Lib.
1382 2225 1410 2255 1.

1081 2266 1176 2301 Quod
1190 2267 1216 2296 si
1231 2266 1300 2306 quis
1314 2266 1437 2307 objiciat
1450 2266 1523 2297 hinc
1537 2266 1604 2298 fieri
1618 2273 1655 2298 ut
1667 2273 1821 2307 punctim
1836 2266 1866 2298 L

1036 2308 1118 2338 male
1141 2315 1337 2347 repraesentet
1357 2309 1462 2339 locum
1475 2308 1589 2347 Lunae,
1616 2316 1647 2340 et
1671 2309 1775 2340 locum
1799 2310 1866 2351 ejus

1037 2351 1183 2381 veriorem
1197 2351 1264 2381 fore
1277 2351 1311 2381 in
1325 2351 1429 2381 medio
1442 2351 1523 2382 inter
1538 2352 1578 2382 M
1591 2358 1623 2382 et
1639 2353 1678 2390 L,
1701 2351 1865 2391 respoude-

1035 2403 1106 2423 mus
1126 2393 1312 2424 solutionem
1334 2394 1428 2434 hujus
1447 2394 1646 2434 promemus
1666 2405 1703 2425 ex
1726 2393 1764 2425 ed
1783 2395 1864 2434 posi-

1037 2437 1122 2466 tione
1132 2437 1239 2469 Lunae
1254 2436 1432 2477 neutiquam
1442 2436 1585 2476 pendere,
1602 2438 1669 2468 baec
1683 2438 1767 2468 enim
1780 2438 1866 2468 solu-

1037 2479 1082 2509 tio
1095 2478 1216 2509 duabus
1229 2485 1348 2509 constat
1362 2479 1507 2518 partibus,
1523 2479 1616 2519 priori
1630 2481 1775 2510 statuitur
1787 2481 1865 2510 mio

1036 2521 1307 2553 monumdomm
1329 2522 1364 2551 in
1385 2521 1681 2562 quihusvispunctis
1708 2523 1736 2553 P
1757 2522 1865 2553 orbita

1036 2563 1163 2601 lunaris,
1193 2571 1224 2595 et
1252 2566 1316 2595 haec
1345 2564 1422 2594 ratio
1450 2563 1558 2595 eadem
1585 2572 1632 2596 est
1659 2565 1723 2596 sive
1750 2564 1865 2605 ubique

1037 2612 1177 2637 sumatur
1199 2613 1264 2638 tota
1288 2607 1326 2638 M
1342 2606 1371 2638 L
1393 2612 1449 2637 aut
1468 2607 1585 2648 ubique
1603 2608 1670 2648 ejus
1689 2607 1863 2643 dimidium.

1037 2648 1167 2680 dimidia
1187 2649 1272 2680 enim
1294 2655 1369 2680 eunt
1389 2649 1462 2679 totis
1481 2649 1739 2689 proportionali„
1761 2650 1795 2680 in
1817 2659 1866 2680 so-

1039 2691 1143 2722 cunda
1170 2691 1331 2724 solutionis
1353 2697 1439 2731 parte
1463 2690 1685 2723 determinatur
1711 2692 1866 2732 quantita

1037 2733 1140 2764 motus
1153 2735 1306 2766 nodorum
1321 2735 1353 2764 in
1369 2734 1499 2775 syzygiis
1512 2734 1594 2773 ipsis,
1609 2741 1748 2774 respectu
1762 2733 1866 2764 motus

1039 2776 1141 2806 Lunae
1165 2777 1198 2806 in
1223 2776 1281 2808 sua
1293 2776 1401 2814 orbita,
1423 2782 1458 2807 et
1478 2777 1512 2806 in
1531 2776 1590 2807 hac
1614 2776 1866 2807 determinatione

1038 2819 1115 2848 nihil
1130 2819 1292 2850 deducitur
1306 2830 1343 2849 ex
1359 2819 1573 2859 magnitudine
1587 2819 1677 2849 lineae
1694 2819 1722 2849 L
1739 2819 1789 2857 M,
1812 2819 1866 2849 sed

1036 2867 1100 2891 m
1118 2863 1186 2892 haec
1205 2862 1368 2892 mantionis
1389 2871 1458 2901 pars
1479 2861 1592 2900 pendet
1610 2871 1650 2892 ex
1670 2862 1867 2901 proportione

1037 2903 1133 2942 ipsius
1146 2905 1192 2934 vis
1205 2909 1226 2935 8
1241 2905 1254 2935 1
1272 2905 1301 2935 Τ
1315 2905 1356 2934 ad
1369 2905 1432 2934 vim
1442 2905 1643 2942 omripemm
1656 2905 1766 2940 Lunae.
1783 2904 1868 2937 unde

1039 2945 1146 2976 nullus
1159 2946 1436 2977 enormes-sendus
1450 2952 1495 2976 est
1508 2947 1541 2976 in
1556 2948 1615 2977 hoc
1622 2946 1743 2978 calculo
1755 2954 1795 2977 ex
1810 2946 1867 2978 hic

1040 2987 1118 3019 saled
1138 2989 1348 3029 suppositione
1363 2990 1489 3019 Lunam
1512 2988 1547 3019 in
1570 2995 1688 3028 puncto
1703 2989 1732 3020 L
1745 2989 1868 3026 venri,

1041 3029 1163 3062 eumin
1178 3031 1464 3063 mediointerLet
1479 3031 1841 3064 anomzhfuissec.
