2072 3522
203 277 285 314 130
601 274 1054 318 PHILOSOPHIAE
1085 272 1446 316 NATURALIS
1491 272 1590 324 [DE
1604 271 1768 313 thn.
1786 271 1907 315 st'r.

197 385 286 426 nuli
306 387 557 443 conjunctim
577 398 761 445 aequaret
780 390 915 431 lucem
935 388 1063 446 globi,
1095 389 1211 444 cujus
1239 387 1438 429 diameter
1455 393 1561 429 esset
1595 387 1675 429 80''
1690 402 1700 427 :
1730 385 1809 428 erit
1826 384 1911 428 dia-

198 458 327 499 tantia
346 467 520 501 cometae
539 460 593 502 ad
612 461 848 502 distantiam
871 461 1039 503 Saturni
1058 469 1105 502 ut
1126 466 1145 502 1
1171 460 1224 502 ad
1253 461 1296 502 §s
1321 466 1348 502 4-
1368 458 1543 512 inverse,
1564 471 1606 502 et
1628 461 1720 502 12''.
1740 458 1795 500 ad
1814 459 1911 500 30⁰.

199 527 368 579 directe,
390 529 434 570 id
455 538 528 581 est,
549 539 596 573 ut
616 537 670 572 24
692 532 747 573 ad
768 539 822 574 30
844 547 917 574 seu
937 538 964 574 4·
986 532 1040 573 ad
1060 537 1099 574 5.
1162 532 1324 574 Rursus
1345 540 1505 573 cometa
1524 531 1622 572 anni
1644 536 1751 574 1665
1772 544 1912 572 mense

199 599 351 654 Aprili,
382 608 429 642 ut
457 610 602 643 auctor
621 610 684 643 est
705 602 921 653 Hevelius‚
953 603 1138 645 claritate
1158 601 1230 644 sua
1259 617 1367 657 pene
1387 602 1491 644 fixas
1512 616 1655 644 omnes
1676 602 1908 658 superabat,

198 669 423 725 quinetiam
459 671 598 726 ipsum
641 672 866 714 Saturnum
904 674 1063 715 ratione
1103 673 1254 715 coloris
1293 672 1483 714 videlicet
1525 671 1650 729 longe
1686 672 1910 715 vividioris.

200 742 372 798 Quippe
399 743 577 786 lucidior
605 752 693 786 erat
720 744 790 787 hic
811 755 972 787 cometa
991 745 1122 787 altero
1141 745 1226 795 illo,
1257 745 1330 801 qui
1356 745 1401 786 in
1419 744 1504 786 fine
1523 744 1622 786 anni
1639 744 1912 799 proecedentis

198 823 458 870 apparuerat,
490 825 531 857 et
561 830 656 857 cum
686 816 813 858 stellis
846 817 994 872 primae
1027 815 1322 873 magnitudinis
1357 815 1655 857 conferebatur.
1715 813 1913 856 Lat-‚itudo

198 885 384 939 capillitii
414 893 503 927 erat
532 887 647 942 quasi
680 888 733 928 δ’.
764 894 807 928 at
834 887 1006 928 nucleus
1035 901 1131 928 cum
1158 886 1339 941 planetis
1363 900 1443 941 ope
1470 885 1559 927 tubi
1586 884 1714 940 optici
1741 885 1914 928 collatus

202 957 326 1012 plane
353 958 490 998 minor
519 965 607 998 erat
634 957 753 1008 Jove,
785 966 827 1000 et
854 973 966 999 nunc
985 959 1122 1000 minor
1141 972 1316 1013 corpore
1335 958 1580 1000 intermedio
1603 957 1783 1008 Saturni,
1803 971 1916 998 nunc

199 1027 278 1082 ipsi
298 1028 468 1084 aequalis
491 1028 769 1083 judicabatur.
832 1028 965 1071 Porro
995 1029 1090 1071 cum
1119 1029 1318 1071 diameter
1339 1029 1524 1084 capillitii
1544 1037 1796 1071 cometarum
1821 1027 1916 1071 rari)

200 1108 367 1153 superet
397 1099 449 1140 8'.
481 1098 548 1139 vel
580 1100 660 1149 12',
693 1098 893 1141 diameter
920 1099 1020 1142 vero
1046 1100 1196 1150 nuclei,
1229 1115 1301 1141 seu
1330 1100 1459 1141 stellae
1491 1100 1682 1141 centralis
1719 1100 1772 1142 sit
1802 1099 1918 1156 quasi

200 1171 360 1212 decima
386 1172 461 1212 vel
479 1171 584 1213 forte
614 1172 774 1213 decima
794 1173 937 1228 quinta.
954 1187 1053 1228 pars
1073 1172 1263 1214 diametri
1283 1171 1482 1227 capillitii,
1503 1179 1617 1227 patet
1636 1171 1774 1213 stellas
1793 1171 1918 1214 hasce

200 1249 248 1282 ut
266 1241 493 1297 plurimum
523 1242 709 1298 ejusdem
729 1258 818 1285 esse
838 1243 1073 1298 apparentis
1094 1242 1389 1300 magnitudinis
1419 1256 1514 1283 cum
1541 1242 1730 1297 planetis.
1802 1230 1804 1235 ι

202 1312 298 1355 cum
326 1314 399 1355 lux
430 1329 573 1356 earum
604 1329 700 1356 cum
728 1315 822 1357 luce
855 1316 1022 1357 Saturni
1051 1330 1137 1357 non
1159 1315 1254 1357 raro
1274 1314 1451 1356 conferri
1479 1315 1622 1370 possit,
1654 1330 1826 1371 emtique
1845 1315 1920 1357 ali-

203 1386 372 1442 quando
405 1395 583 1442 superet,
617 1387 881 1430 manifestum
916 1396 989 1438 est,
1020 1389 1131 1445 quod
1165 1396 1336 1431 cometae
1363 1403 1505 1430 omnes
1540 1388 1584 1430 in
1617 1388 1826 1444 per-iheliis
1852 1388 1920 1430 vel

202 1458 310 1500 infra
332 1460 557 1501 Saturnum
578 1460 811 1502 collocandi
840 1461 934 1511 sint,
964 1461 1030 1502 vel
1058 1476 1144 1503 non
1172 1460 1296 1518 longe
1317 1461 1453 1516 supra.
1515 1461 1671 1503 Errant
1689 1461 1814 1518 igitur
1832 1468 1921 1502 toto

203 1530 323 1581 coelo,
347 1531 418 1586 qui
439 1539 619 1573 cometas
639 1532 682 1572 in
702 1532 916 1588 regionem
935 1532 1115 1573 fixarum
1133 1547 1266 1587 prope
1286 1531 1502 1588 ablegant:
1533 1531 1613 1587 quii
1634 1540 1744 1573 certe
1763 1531 1922 1574 ratione

202 1616 289 1644 non
316 1602 448 1659 magis
477 1602 673 1645 illustrari
693 1603 893 1646 deberent
912 1619 937 1645 a
959 1604 1056 1647 Sole
1074 1612 1230 1656 nostro,
1261 1602 1387 1660 quam
1405 1603 1596 1659 planetae,
1625 1605 1698 1661 qui
1722 1604 1792 1646 hic
1810 1612 1920 1655 sunt,

205 1676 466 1719 illustrantur
486 1693 510 1719 a
530 1677 656 1719 stellis
672 1678 780 1720 fixis.

266 1750 379 1792 Haec
409 1750 708 1804 disputavimus
742 1765 828 1792 non
860 1750 1163 1792 considerando
1195 1749 1525 1805 obscurationem
1561 1755 1815 1790 cometarum
1847 1762 1924 1804 per

206 1819 370 1861 fumum
398 1820 514 1861 illum
535 1820 717 1861 maxime
738 1821 953 1876 copiosum
973 1829 1014 1862 et
1034 1835 1231 1870 crassum,
1254 1835 1337 1876 quo
1357 1829 1481 1875 caput
1500 1819 1778 1870 circundatur,
1809 1820 1925 1875 quasi

208 1904 286 1945 per
304 1890 461 1931 nubem
480 1890 626 1932 obtuse
646 1906 809 1946 semper
828 1892 982 1933 lucens.
1034 1891 1145 1932 Nam
1160 1899 1315 1946 quanto
1335 1891 1548 1932 obscurius
1568 1890 1754 1932 redditur
1774 1905 1925 1945 corpus

207 1976 283 2017 per
311 1962 424 2005 hunc
453 1963 625 2014 fumum,
655 1963 774 2005 tanto
802 1964 974 2019 propius
1003 1964 1057 2004 ad
1088 1963 1228 2005 Solem
1257 1962 1426 2004 accedat
1450 1977 1617 2004 necesse
1636 1970 1710 2013 est,
1741 1970 1788 2004 ut
1807 1962 1927 2017 copia

208 2034 312 2075 lucis
342 2049 366 2075 a
395 2049 438 2076 se
467 2035 634 2076 reflexae
662 2035 849 2090 planetas
881 2033 1111 2075 aemuletur.
1171 2033 1277 2074 Inde
1297 2033 1516 2089 verisimile
1535 2033 1585 2074 fit
1604 2039 1783 2074 cometas
1802 2032 1927 2090 longe

1809 2105 1927 2147 Idem

212 2182 309 2224 vero
346 2198 470 2239 quam
500 2182 681 2224 maxime
715 2181 982 2224 confirmatur
1017 2195 1071 2222 ex
1106 2178 1260 2221 caudis.
1321 2177 1371 2234 (f)
1406 2178 1492 2220 Hae
1523 2179 1589 2220 vel
1621 2181 1675 2219 ex
1704 2178 1927 2220 reflexione

211 2254 314 2295 fumi
344 2255 476 2310 sparsi
504 2269 581 2309 per
609 2254 778 2304 aethera,
806 2254 872 2295 vel
893 2269 946 2295 ex
970 2253 1063 2294 luce
1083 2252 1227 2308 capitis
1247 2251 1449 2292 oriuntur.
1511 2251 1656 2293 Priore
1676 2265 1773 2292 casu
1791 2250 1928 2292 minu-

213 2327 320 2368 enda
340 2336 402 2369 est
422 2327 616 2368 distantia
637 2335 905 2378 cometarum,
937 2341 991 2368 ne
1018 2326 1155 2368 fumus
1177 2341 1201 2367 a
1221 2325 1354 2380 capite
1374 2339 1536 2379 semper
1555 2332 1670 2366 ortus
1701 2338 1777 2380 per
1797 2324 1928 2379 spatia

211 2401 333 2441 nimis
366 2400 503 2455 ampla
534 2401 766 2443 incredibili
800 2416 895 2443 cum
929 2401 1146 2443 velocitate
1180 2408 1221 2442 et
1260 2400 1513 2455 expansione
1539 2407 1814 2455 propagetur.
1873 2397 1927 2438 In

212 2471 442 2526 posteriore
464 2471 681 2513 referenda
701 2479 763 2514 est
781 2472 855 2513 lux
874 2473 1007 2513 omnis
1027 2480 1112 2514 tam
1133 2470 1278 2512 caudae
1302 2469 1426 2527 qnam
1444 2468 1631 2525 capillitii
1661 2468 1715 2509 ad
1732 2467 1928 2509 nucleum

213 2543 370 2598 capitis.
432 2533 629 2599 Igitur‘si
658 2543 938 2598 concipiamus
967 2543 1103 2584 lucem
1130 2541 1240 2584 hanc
1265 2556 1431 2583 omnem
1467 2539 1710 2596 congregari
1745 2546 1785 2580 et
1817 2539 1927 2581 intra

213 2615 373 2656 discum
403 2615 541 2656 nuclei
572 2615 784 2665 coarctari,
821 2615 991 2657 nucleus
1025 2615 1095 2657 ille
1120 2616 1209 2671 jam
1239 2623 1363 2665 certe,
1396 2611 1769 2670 quoties,caudam·
1792 2612 1925 2654 maxi-

212 2701 323 2727 mam
353 2694 394 2728 et
422 2686 763 2743 fulgentissimam
792 2687 951 2739 emittit,
976 2687 1028 2743 (⁸)
1057 2689 1085 2731 J
1087 2699 1209 2730 ovem
1236 2688 1372 2742 ipsum
1399 2685 1620 2742 splendore
1645 2699 1722 2726 suo
1748 2683 1926 2726 multum

208 2108 315 2150 infra
343 2108 552 2164 sphaeram
584 2108 753 2150 Saturni
773 2107 1036 2158 descendere,
1064 2106 1125 2147 uti
1154 2121 1207 2147 ex
1235 2105 1438 2161 parallaxi
1469 2105 1746 2160 probavimus.

1791 1242 1919 1285 Unde
1979 1298 1991 1304 „

255 2795 303 2837 (f)
328 2798 344 2816 ⁹
373 2798 437 2828 Hoe
462 2798 507 2828 vel
531 2807 566 2828 ez·
589 2798 749 2840 reflexione
761 2797 857 2840 sumi
880 2799 987 2838 sparsi,
1012 2803 1050 2829 ut

212 2838 318 2877 postea
333 2838 521 2878 probabitur.

258 2881 303 2921 (Β)
321 2884 338 2900 ’³
356 2883 463 2913 Jovem
484 2883 585 2922 ipsum
607 2883 762 2922 splendore
782 2893 848 2913 suo.
897 2881 937 2912 Id
959 2882 1050 2913 variis

213 2923 475 2954 observationibus
497 2923 660 2955 confirmat
683 2924 855 2955 Newtonus
882 2924 914 2954 in
944 2925 1049 2964 Opus-

214 2964 286 2994 culo
301 2965 339 2994 de
356 2966 472 2996 Mundi
491 2966 670 3005 Systemate.
720 2967 850 2997 Cometa
863 2967 937 2996 anni
956 2970 1044 2999 1679.

218 3006 398 3036 Decembris
426 3011 474 3038 19.
500 3014 531 3038 et
556 3012 604 3039 15.
621 3008 692 3039 stilo
711 3007 812 3047 veteri,
833 3018 895 3048 quo
914 3015 1052 3049 tempore

215 3048 346 3078 caudam
362 3049 560 3080 clarissimam
575 3050 735 3082 emittebat
749 3056 781 3081 et
795 3050 857 3081 luci
879 3051 1051 3082 multorum

214 3089 343 3122 Jovium
367 3101 419 3129 per
441 3098 561 3122 tantum
584 3093 717 3132 spatium
732 3092 853 3123 diffusae
867 3103 902 3122 ac
916 3093 1051 3123 dilatatae

215 3142 278 3162 non
294 3133 451 3172 imparem,
465 3135 678 3174 magnitudine
692 3135 806 3174 nuclei,
829 3141 865 3166 ut
875 3136 1052 3166 observabat

1094 2796 1309 2834 Flamstedius‚
1333 2796 1460 2827 cedebat
1480 2795 1564 2833 Jovi,
1588 2794 1728 2836 adeoque
1745 2793 1810 2826 Soli
1830 2792 1926 2836 longe

1092 2840 1228 2877 vicinior,
1246 2838 1399 2880 quinimo
1414 2839 1514 2868 minor
1536 2844 1600 2868 erat
1623 2836 1791 2868 Mercurio.
1839 2837 1926 2868 Nam

1092 2881 1143 2912 die
1165 2885 1213 2913 17.
1239 2881 1353 2912 mensis
1373 2880 1477 2921 hujus,
1500 2881 1554 2911 ubi
1582 2880 1687 2911 Terrae
1708 2878 1830 2919 propior
1849 2885 1923 2914 exat.

1093 2924 1235 2963 apparuit
1253 2923 1380 2955 Cassiuo
1394 2932 1448 2962 per
1462 2922 1661 2962 telescopium
1676 2921 1747 2961 ped·
1759 2925 1811 2952 35.
1829 2919 1925 2961 paula

1091 2966 1193 2996 minor
1217 2965 1310 3008 globo
1337 2964 1470 2995 Saturni.
1544 2964 1607 2995 Die
1633 2967 1661 2995 8.
1680 2963 1793 2994 mensis
1817 2963 1920 3004 hujus,

1094 3015 1231 3047 tempore
1252 3007 1414 3044 matutino,
1436 3006 1511 3037 vidit
1534 3006 1679 3037 Halleius
1700 3004 1830 3036 caudam
1853 3015 1924 3045 per-

1095 3051 1217 3081 brevem
1227 3049 1370 3091 etjatam,
1384 3055 1414 3079 et
1423 3048 1509 3089 quasi
1519 3058 1556 3079 ex
1569 3058 1693 3088 corpore
1707 3046 1785 3078 Solis
1793 3047 1924 3088 jarnjam

1094 3091 1202 3123 orituri
1223 3097 1397 3127 exeuntem,
1420 3091 1459 3121 ad
1481 3091 1576 3122 instar
1590 3089 1681 3122 nubis
1701 3088 1824 3120 insolito
1837 3097 1924 3120 more

1093 3132 1252 3176 fulgentis,
1274 3143 1332 3164 nec
1353 3133 1440 3173 prius
1454 3132 1658 3174 dispar-entem
1672 3132 1766 3174 quam
1783 3131 1838 3162 Sol
1858 3131 1924 3172 ipse
