2072 3522
154 271 309 312 Lmen»
319 270 559 324 Tanna]
603 271 927 315 PRINCIPIA
955 271 1450 315 MATHEMATICA,
1790 280 1871 319 193

152 391 314 427 cometa
332 392 420 426 erat
438 384 480 426 in
494 390 520 426 ὅ
549 391 622 429 0⁸¹.
645 386 699 429 2'.
721 387 816 429 48''.
850 385 918 428 Ex
938 384 1147 428 schemate
1166 384 1506 428 observationum
1523 387 1739 439 Auzoutii,
1760 389 1875 445 quod

158 456 319 499 Petitus
348 457 593 508 construxit,
626 457 830 500 Hevelius
859 457 1035 499 deduxit
1063 456 1326 499 latitudinem
1346 466 1519 498 cometae
1549 463 1622 500 8⁸².
1644 459 1727 501 54'.
1789 460 1874 503 Sed

150 530 335 586 sculptor
364 531 473 572 viam
502 540 676 574 cometae
707 531 784 573 sub
815 531 944 572 finem
973 539 1111 572 motus
1141 530 1229 586 ejus
1254 530 1537 587 irregulariter
1555 531 1802 583 incurvavit,
1833 542 1875 575 et

151 603 356 645 Hevelius
385 604 430 645 in
458 603 668 647 schemate
695 604 1030 647 observationum
1061 603 1263 646 Auzoutii
1292 619 1320 645 a
1343 618 1387 645 se
1411 612 1653 646 constructo
1681 605 1874 647 incurva-

148 675 304 717 tionem
335 675 608 733 irregularem
642 676 837 727 correxit,
873 685 916 718 et
949 676 1008 718 sic
1038 676 1301 718 latitudinem
1333 684 1507 718 cometae
1541 676 1639 719 fecit
1674 693 1766 720 esse
1801 685 1873 721 ὅδ’.

149 747 230 789 55’.
264 747 357 790 30”.
418 747 477 789 Et
505 747 850 805 irregularitatem
878 747 1006 803 paulo
1034 748 1167 805 magis
1196 748 1460 806 corrigendo,
1491 739 1670 791 latitudo
1698 750 1877 793 evadere

147 825 285 872 potest
304 824 376 861 83'.
398 819 480 862 56'.
501 819 567 860 vel
588 824 661 861 83¹2
683 820 767 865 57'.

206 891 331 934 Visus
365 891 489 933 etiam
521 891 602 936 fait
633 891 703 934 hic
737 899 897 934 cometa
932 891 1080 935 Martii
1115 892 1183 935 die
1215 899 1257 944 9,
1293 900 1334 935 et
1367 901 1467 936 tunc
1500 893 1630 936 locari
1659 894 1804 937 debuit
1830 895 1876 937 in

157 970 189 1005 δ’
213 970 286 1007 08'.
311 964 391 1006 18'.
412 978 508 1006 cum
527 964 597 1006 lat.
618 964 711 1006 bor:
733 971 805 1007 98¹2
831 967 901 1020 3312'
921 965 1096 1008 circiter.

205 1038 415 1094 Apparuit
432 1038 502 1080 hic
521 1046 684 1080 cometa
711 1054 874 1082 menses
903 1049 999 1092 tres,
1032 1041 1233 1099 signaque
1261 1041 1347 1083 fere
1368 1057 1444 1084 sex
1462 1043 1696 1099 descripsit,
1727 1052 1771 1087 et
1789 1059 1876 1086 uno

147 1111 215 1153 die
234 1111 392 1169 gradus
412 1110 497 1152 fere
516 1111 664 1169 viginti
684 1112 872 1155 confecit.
936 1113 1096 1156 Cursus
1116 1115 1204 1171 ejus
1224 1130 1250 1156 a
1269 1115 1426 1158 circulo
1444 1117 1629 1159 maximo
1647 1118 1875 1173 plurimum

147 1182 329 1233 deflexit,
365 1182 409 1223 in
444 1182 615 1224 boream
648 1183 912 1234 incurvatus;
943 1194 986 1227 et
1014 1194 1151 1227 motus
1181 1186 1270 1242 ejus
1300 1187 1378 1228 sub
1408 1186 1535 1229 finem
1557 1203 1612 1230 ex
1630 1189 1876 1246 retrogrado

146 1254 277 1296 iactus
297 1263 360 1296 est
379 1254 573 1296 directus.
636 1255 695 1297 Et
713 1270 799 1297 non
819 1257 1010 1299 obstante
1029 1273 1156 1300 cursu
1176 1266 1262 1300 tam
1280 1258 1461 1311 insolito,
1493 1260 1656 1303 theoria
1676 1277 1702 1303 a
1719 1262 1876 1317 princi-

146 1327 220 1383 pio
250 1328 304 1370 ad
332 1328 460 1369 finem
490 1343 586 1370 cum
615 1328 972 1373 observationibus
1002 1345 1088 1372 non
1117 1331 1256 1373 minus
1287 1331 1478 1374 accurate
1508 1334 1715 1391 congruit,
1747 1332 1876 1391 quam

149 1399 323 1442 theoriae
351 1399 614 1455 planetarum
643 1414 740 1442 cum
769 1415 916 1442 eorum
936 1401 1295 1444 observationibus
1316 1417 1548 1460 congruere
1567 1404 1714 1456 solent,
1745 1412 1794 1446 ut
1812 1403 1874 1446 inss-

149 1462 339 1529 spicienti
368 1474 554 1516 tabulam
582 1475 753 1530 patebit.
836 1475 1119 1518 Subducenda
1146 1483 1288 1517 tamen
1317 1485 1414 1517 sunt
1439 1477 1601 1520 minuta
1627 1477 1713 1519 duo
1740 1478 1874 1534 prima

149 1546 327 1597 circiter,
357 1545 432 1587 ubi
462 1553 623 1587 cometa
651 1545 933 1590 velocissimus
963 1546 1042 1589 fuit
1054 1563 1066 1596 ;
1097 1546 1142 1588 id
1172 1547 1286 1603 quod
1315 1546 1388 1588 fiet
1407 1546 1634 1590 auferendo
1652 1548 1873 1591 duodecim

146 1620 308 1661 minuta
339 1619 522 1661 secunda
551 1620 606 1662 ab
633 1619 789 1677 angulo
817 1619 926 1661 inter
954 1619 1112 1661 nodum
1133 1619 1429 1662 ascendentem
1447 1628 1489 1661 et
1509 1620 1770 1675 perihelium,
1802 1636 1875 1664 seu

146 1690 437 1732 constituendo
471 1690 525 1746 (¹)
558 1691 760 1748 angulum
791 1689 910 1732 illum
941 1696 1043 1734 493¹.
1072 1692 1154 1735 27'.
1191 1691 1284 1732 18''.
1347 1690 1534 1732 Cometae
1567 1692 1784 1748 utriusque
1817 1696 1877 1748 (et

144 1762 266 1818 hujus
286 1771 328 1804 et
348 1763 592 1819 superioris)
611 1763 836 1819 parallaxis
856 1777 994 1805 annua
1014 1763 1188 1820 insignis
1207 1762 1300 1813 fuit,
1325 1762 1376 1818 (³)
1394 1770 1435 1804 et
1453 1762 1552 1804 inde
1567 1762 1876 1806 demonstratur

145 1834 290 1879 motus*
304 1852 468 1879 annuus
489 1838 638 1880 Terrae
657 1838 701 1881 in
716 1838 818 1880 orbe
836 1853 1005 1896 magno.

206 1909 493 1952 Confirmatur
513 1910 639 1952 etiam
658 1909 821 1952 theon'a
839 1924 916 1964 per
934 1909 1096 1951 motum
1116 1915 1304 1961 cometae,
1327 1908 1399 1964 qui
1419 1909 1613 1964 apparuit
1623 1924 1735 1951 anno
1750 1915 1874 1952 1683.

148 1979 236 2021 Hic
257 1979 336 2021 fuit
354 1980 688 2038 retrogradus'in
707 1980 823 2031 orbe,
847 1981 964 2036 cujus
982 1980 1155 2035 planum
1175 1994 1272 2021 cum
1301 1979 1430 2034 plano
1450 1979 1654 2035 eclipticae
1674 1980 1874 2037 angulum

143 2052 229 2096 fere
258 2058 421 2095 rectum
451 2053 702 2095 continebat.
763 2053 909 2109 Hujus
938 2053 1074 2097 nodus
1103 2052 1331 2094 ascendens
1363 2054 1650 2107 (computante
1682 2052 1873 2106 Halleio)

143 2133 234 2167 erat
252 2125 297 2166 in
315 2130 364 2167 ¹²11
380 2130 483 2168 23³1.
505 2126 614 2175 23'.;
635 2125 850 2168 inclinatio
871 2125 1019 2167 orbitae
1039 2125 1094 2167 ad
1114 2125 1348 2179 eclipticam
1372 2130 1474 2167 833¹.
1499 2128 1578 2167 11‘.
1593 2142 1605 2175 3
1626 2126 1874 2181 perihelium

143 2196 188 2237 in
223 2204 258 2231 Π
291 2201 393 2239 253‘.
415 2197 496 2239 29'.
520 2197 646 2246 30''.;
687 2196 882 2238 distantia
915 2196 1118 2252 perihelia
1151 2212 1176 2237 a
1198 2195 1296 2238 Sole
1329 2201 1486 2246 56020,
1522 2197 1724 2239 existente
1756 2197 1874 2244 radio

144 2257 259 2308 orbis*
284 2267 426 2324 magni
457 2273 641 2320 100000,
664 2276 707 2309 et
725 2275 917 2324 tempore
937 2267 1130 2324 perihelii
1159 2266 1262 2309 Julii
1292 2265 1349 2308 2⁶.
1372 2265 1434 2308 3¹¹.
1457 2269 1538 2309 50'.
1599 2268 1716 2310 Loca
1736 2278 1873 2311 autem

144 2349 320 2384 cometae
341 2339 393 2383 in
421 2341 505 2383 hoc
531 2342 635 2384 orbe
663 2342 716 2384 ab
749 2341 922 2384 Halleio
953 2349 1205 2397 computata,
1237 2347 1279 2382 et
1309 2354 1405 2382 cum
1431 2340 1534 2383 locis
1563 2356 1588 2382 a
1620 2341 1872 2384 Flamstedio

144 2415 371 2457 observatis
390 2415 554 2466 collata,
576 2415 829 2459 exhibentur
849 2416 893 2457 in
914 2414 1053 2457 tabula
1072 2415 1283 2471 'sequente-

313 2518 344 2550 Φ

189 2583 237 2627 (¹)
255 2585 445 2625 *Angulum
466 2585 559 2616 illum
578 2579 661 2615 inter'
680 2583 800 2615 nodum
822 2583 991 2615 ascenden·
1035 2582 1121 2614 nutis
1134 2580 1244 2622 primis
1258 2579 1379 2612 circiter
1392 2591 1431 2612 ex
1446 2580 1657 2612 observatione
1667 2586 1807 2620 cometae,
1818 2580 1873 2614 ubi

146 2633 209 2657 tem
221 2633 252 2657 et
261 2627 447 2668 perihelium
460 2627 618 2658 invenerat
631 2627 779 2657 Halleius
790 2626 992 2658 490.27'.So¹'.
1035 2633 1140 2657 motus
1155 2625 1222 2665 ejus
1235 2623 1446 2654 velocissimus
1459 2624 1530 2661 fuit,
1546 2624 1712 2665 colligitur.

144 2669 313 2700 constituto
326 2677 434 2701 autem
448 2670 567 2711 angulo
580 2669 637 2701 illo
651 2669 722 2702 490.
739 2669 799 2701 27'.
822 2669 886 2700 18‘'.
902 2679 987 2699 com—
1077 2668 1125 2710 (Υ)
1143 2671 1160 2687 ”
1178 2669 1223 2699 Et
1244 2666 1317 2698 ind&
1337 2669 1576 2698 demonstratur.
1593 2669 1613 2706 †
1662 2665 1738 2702 Qui
1755 2666 1874 2697 ratione

145 2711 416 2753 putationibusque
439 2713 588 2752 repetitis,
611 2712 764 2743 subducta
786 2712 990 2742 inveniuntur
1033 2722 1139 2742 annua
1153 2716 1342 2741 cometarum
1358 2710 1521 2749 parallaxis
1531 2720 1604 2740 cum
1619 2709 1756 2741 Telluris
1769 2709 1874 2750 quiete

145 2754 210 2785 duo
224 2755 346 2785 minuta
360 2756 460 2793 prima
474 2756 604 2792 circiter,
621 2761 657 2785 ut
670 2760 801 2794 oportet,
824 2761 856 2785 et
870 2753 990 2785 theoria
1033 2753 1188 2784 concillari
1204 2752 1308 2792 possit,
1325 2752 1447 2792 legatur
1461 2752 1546 2791 apud
1563 2751 1751 2783 Ricciolium
1767 2752 1800 2781 in
1814 2751 1873 2782 Al.

145 2808 164 2827 a
185 2797 338 2837 principio
356 2797 397 2827 ad
419 2797 514 2828 finem
537 2809 611 2829 cum
631 2797 894 2829 observationibus
915 2807 988 2828 con-
1034 2802 1183 2838 mageste,
1212 2796 1407 2835 Tacquetum
1433 2795 1467 2825 in
1499 2794 1710 2832 Astronomiii,
1735 2794 1873 2835 aliosque

144 2839 240 2881 gruit.
289 2839 514 2882 Corrigendam
538 2852 604 2873 esse
625 2840 777 2872 theoriam
792 2840 915 2872 duobus
929 2840 987 2870 mi-
1033 2840 1158 2879 passim,
1185 2838 1240 2870 ubi
1268 2838 1308 2869 de
1337 2838 1532 2878 planetarum
1560 2837 1873 2880 retrogradationibus

1029 2888 1139 2924 agunt.

974 3224 1005 3253 N
1028 3227 1043 3253 ‘l
