2046 3516
590 468 1289 537 INTRODUCTIO

908 647 976 678 AD

218 796 468 850 LUNAE
511 793 950 848 THEORIAM
995 790 1662 845 NEWTONIANAM.

793 990 974 1017 Μή
977 1002 1083 1016 ,Μ

87 1157 232 1220 Tum
251 1186 346 1220 sunt
365 1179 409 1219 in
428 1176 562 1218 Lunae
583 1174 765 1217 Theorifi
779 1173 1014 1230 spectanda,
1037 1173 1079 1213 in
1100 1173 1249 1229 quibus
1269 1179 1454 1213 versatur
1474 1173 1607 1212 omnis
1627 1171 1802 1227 quaestio

88 1250 360 1292 astronomica
378 1264 470 1305 quae
502 1248 554 1289 de
582 1246 669 1302 ipsa
699 1246 856 1288 institui
874 1252 1010 1300 potest
1022 1261 1033 1293 3
1063 1242 1257 1299 primum,
1281 1243 1368 1298 ejus
1387 1251 1524 1284 motus
1546 1242 1749 1298 quatenus
1780 1256 1803 1282 e

89 1321 223 1363 Terra
245 1322 486 1362 observatur
498 1335 510 1369 3
541 1317 735 1368 secundo,
767 1317 902 1373 figura
921 1316 1077 1357 lunaris
1098 1314 1244 1355 orbitae
1274 1329 1299 1355 a
1328 1313 1484 1365 circulo
1501 1311 1596 1369 plus
1616 1312 1804 1353 minusve

86 1392 285 1433 recedens
306 1399 348 1432 et
367 1389 558 1446 apsidum
578 1390 664 1444 ejus
685 1387 836 1443 positio
848 1403 859 1436 3
890 1401 938 1427 ac
967 1384 1101 1436 tertio,
1125 1386 1212 1440 ejus
1233 1384 1380 1426 orbitae
1409 1383 1463 1425 ad
1493 1382 1726 1438 eclipticam
1741 1383 1804 1423 in-

11 1490 21 1494 ·
87 1465 270 1507 clinatio.

147 1536 192 1578 Si
211 1534 328 1577 extra
352 1534 460 1576 Solis
480 1533 682 1574 actionem
704 1531 826 1572 Luna
845 1538 982 1571 motus
1004 1545 1098 1570 suos
1121 1536 1273 1586 ageret,
1307 1528 1430 1569 Luna
1451 1528 1627 1582 ellipsim
1660 1542 1805 1584 quam-

86 1609 188 1650 libet
203 1608 313 1649 circa
327 1606 505 1648 Terram
521 1604 753 1645 describere
767 1611 908 1659 posset
927 1603 971 1643 in
985 1603 1112 1657 plano
1129 1601 1286 1657 quovis,
1310 1609 1351 1642 et
1371 1616 1421 1642 ea
1434 1601 1587 1656 ellipsis
1602 1599 1806 1656 perpetuo

86 1680 233 1721 eadem
251 1685 437 1719 maneret
451 1683 789 1731 constantemque
804 1674 1004 1730 angulum
1026 1688 1119 1715 cum
1135 1672 1320 1728 ecliptica
1337 1671 1539 1721 efficeret3
1561 1672 1700 1727 itaque
1721 1679 1808 1712 tota

16 1780 19 1781 ν
87 1749 402 1793 theoriaffLunae
423 1747 534 1788 circa
552 1745 643 1786 haec
663 1752 896 1786 versaretur
917 1744 1133 1793 elementa,
1164 1741 1313 1798 primo,
1345 1750 1393 1783 ut
1412 1756 1466 1794 ex
1485 1750 1672 1796 tempore
1694 1741 1808 1797 quod

87 1821 211 1863 Luna
227 1828 488 1862 consumeret
507 1827 554 1860 ut
573 1835 598 1860 a
617 1818 796 1874 quadam
811 1817 930 1859 stella
947 1816 1164 1859 discedens
1185 1815 1238 1857 ad
1259 1815 1447 1857 eamdem
1462 1814 1628 1864 rediret,
1646 1815 1809 1856 obtine-

86 1901 181 1934 atur
199 1893 366 1934 duratio
387 1893 474 1948 ejus
494 1892 647 1932 mensis
670 1890 872 1946 periodici
894 1890 1044 1931 siderei
1065 1890 1205 1944 sicque
1224 1896 1362 1930 motus
1383 1889 1470 1944 ejus
1490 1888 1652 1929 medius
1672 1888 1808 1929 deter-

86 1963 278 2012 minetur,
310 1962 422 2003 unde
450 1961 569 2003 facile
598 1960 851 2002 obtinebitur
881 1961 947 2000 via
977 1974 1100 2015 quam
1125 1959 1247 2000 Luna
1272 1958 1370 2000 dato
1391 1966 1578 2013 tempore
1606 1973 1684 2013 per
1713 1972 1808 1999 eum

88 2043 245 2076 motum
262 2034 445 2075 medium
460 2033 619 2075 emetiri
639 2041 790 2088 potest,
812 2033 868 2074 ita
889 2040 949 2082 ut,
974 2030 1070 2072 data
1087 2029 1261 2086 epocha,
1284 2030 1366 2072 hoc
1387 2038 1463 2079 est,
1487 2029 1585 2071 dato
1600 2029 1694 2070 loco
1715 2029 1810 2070 coeli

86 2108 129 2148 in
158 2122 242 2163 quo
273 2107 396 2147 Luna
424 2094 646 2162 aliquande
676 2106 892 2146 observata
918 2104 1074 2153 fuisset,
1107 2103 1205 2143 inde
1235 2117 1359 2158 quem
1387 2102 1431 2142 in
1461 2101 1600 2142 locum
1629 2101 1810 2157 migrare

87 2179 308 2228 debuisset,
330 2177 428 2218 dato
448 2185 646 2231 tempore,
669 2191 744 2230 per
762 2175 888 2216 medii
908 2174 1045 2216 motus
1066 2173 1268 2215 calculum
1288 2173 1463 2214 inveniri
1482 2179 1634 2226 posset.

147 2251 295 2293 Postea
308 2265 319 2299 ;
350 2250 465 2290 locus
487 2248 648 2305 apogaei
671 2248 817 2296 Lunae,
850 2246 963 2302 quod
993 2239 1039 2286 in‘
1066 2245 1181 2285 coelis
1210 2244 1345 2285 eidem
1364 2250 1523 2298 puncto
1552 2256 1716 2296 semper
1746 2255 1810 2282 re-

89 2323 324 2380 sponderet,
344 2322 451 2363 foret
465 2320 749 2377 requirendus,
767 2328 856 2361 tum
872 2318 1157 2360 excentricitas
1173 2317 1260 2371 ejus
1287 2315 1446 2365 orbitae,
1469 2315 1526 2355 sic
1548 2314 1658 2355 enim
1674 2313 1810 2370 figura

89 2395 280 2453 ellipseos
302 2410 427 2451 quam
449 2394 571 2436 Luna
593 2392 788 2434 describit
817 2392 1084 2440 obtineretur,
1118 2399 1160 2431 et
1189 2389 1298 2445 quia,
1330 2388 1433 2430 citra
1456 2387 1575 2429 Solis·
1588 2387 1806 2437 actionem,

92 2467 214 2509 Luna
235 2474 468 2508 moveretur
489 2465 718 2507 secundum
745 2465 881 2522 legem
903 2464 1212 2520 Keplerianam‚
1244 2462 1325 2504 hoc
1354 2470 1427 2512 est,
1458 2462 1517 2503 ita
1546 2469 1592 2503 ut
1620 2469 1809 2515 tempora

92 2538 242 2595 quibus
257 2538 500 2579 durantibus
517 2538 640 2578 Luna
654 2545 902 2586 moveretur,
919 2551 1005 2576 non
1021 2535 1190 2591 quidem
1206 2535 1288 2575 sint
1302 2533 1630 2588 proportionalia
1644 2531 1808 2589 angulis

92 2626 116 2653 e
136 2610 271 2653 Terra
293 2611 495 2666 spectatis,
527 2611 599 2651 sed
621 2611 726 2651 areis
746 2611 974 2665 descriptis,
1005 2610 1103 2650 hinc
1134 2609 1205 2650 fiet
1236 2616 1281 2649 ut
1310 2607 1543 2648 differentia
1571 2607 1652 2647 loci
1673 2605 1809 2646 Lunae

91 2697 168 2738 per
195 2690 354 2723 motum
381 2682 564 2722 medium
593 2681 820 2736 computati
850 2681 902 2722 ab
931 2682 1018 2736 ejus
1047 2681 1139 2722 loco
1168 2694 1280 2729 vero,
1314 2678 1550 2720 obtineatur
1579 2692 1632 2718 ex
1662 2675 1808 2717 orbitae

57 2761 61 2767 '
92 2754 249 2796 lunaris
268 2754 402 2811 figura
422 2769 498 2810 per
518 2754 734 2795 methodos
771 2754 901 2804 notas,
937 2769 1031 2810 quae
1051 2753 1281 2794 differentia
1302 2752 1453 2793 dicitur
1473 2750 1652 2806 aequatio
1673 2749 1809 2790 Lunae

94 2826 241 2876 soluta,
262 2826 344 2867 hoc
363 2835 437 2876 est,
460 2827 636 2882 aequatio
657 2843 681 2867 a
705 2827 800 2868 Sole
821 2841 906 2867 non
926 2826 1124 2881 pendens,
1148 2834 1189 2868 et
1208 2826 1460 2881 intelligetur
1476 2824 1624 2879 quibus
1644 2822 1688 2863 in
1707 2822 1809 2863 locis

93 2898 165 2940 illa
192 2899 370 2954 aequatio
399 2898 452 2939 sit
481 2898 718 2940 adhibenda
747 2914 798 2940 ex
831 2900 911 2940 situ
939 2899 1107 2956 cognito
1138 2899 1300 2955 apogaei
1334 2898 1481 2946 Lunae,
1515 2896 1668 2951 pendet
1698 2894 1808 2937 enim

95 2966 264 3009 omnine»
285 2982 334 3008 ea
353 2967 586 3009 differentia
604 2983 657 3009 ex
677 2969 757 3010 situ
781 2969 915 3010 Lunae
934 2969 978 3009 in
999 2969 1100 3009 orbe
1120 2984 1196 3010 suo
1218 2976 1408 3023 respectu
1427 2967 1589 3024 apogaei
1610 2966 1686 3007 sui.

168 3039 326 3082 Tertio.
400 3041 684 3090 Quaerendum
724 3041 829 3083 foret
868 3041 1232 3091 observationibus,
1274 3041 1422 3096 quibus
1461 3040 1505 3080 in
1545 3039 1647 3080 locis
1687 3037 1809 3082 Luna
1856 3055 1859 3057 ·

693 3115 695 3118 “
917 3112 944 3142 A
964 3116 984 3141 ξ.)
