2072 3522
233 266 309 303 148
496 316 500 320 ¹
631 256 1084 302 BH1Losol>H1AE
1114 238 1480 301 Nummus
1519 258 1615 310 [DE
1631 246 1932 302 Mum-sm.

229 368 514 416 observatione
532 368 665 428 prir'nfi
686 386 735 414 ac
754 371 872 415 tertia
892 371 1221 428 quamproxime,
1244 371 1279 413 si
1297 369 1424 414 modo
1446 369 1484 412 B
1503 370 1556 413 sit
1579 370 1697 413 locus
1715 369 1934 427 ejus-reete

227 451 461 498 assumptus
481 442 526 483 in
545 442 830 484 observatione
849 441 1040 483 secunda.

287 514 357 555 Ad
378 514 419 554 A
443 512 479 554 C
498 512 696 554 bisectam
725 513 770 553 in
799 512 821 554 I
843 512 956 569 erige
983 510 1326 570 perpendiculum
1346 510 1368 554 I
1389 510 1416 552 i.
1477 510 1560 552 Per
1577 518 1780 566 punctum
1799 510 1838 552 Β
1857 478 1952 568 age

230 580 440 628 occultam
456 585 523 627 Bi
542 585 621 640 ipsi
642 586 683 626 A
700 585 736 626 C
756 583 1007 639 parallelam.
1048 584 1185 640 Junge
1198 582 1402 624 occultam
1424 583 1454 624 S
1469 582 1483 622 i
1504 589 1709 628 secantem
1727 582 1771 624 A
1787 581 1824 624 C
1837 581 1882 623 in
1893 589 1932 632 λ,

229 665 271 700 et
301 656 463 712 comple
490 656 922 712 parallelogrammum
950 654 967 694 i
988 654 1009 695 I
1030 660 1056 693 λ
1072 670 1114 702 μ.
1177 653 1292 707 Cape
1322 652 1343 694 I
1364 668 1383 692 σ
1401 651 1603 707 aequalem
1633 658 1658 693 3
1681 651 1702 693 Ι
1721 659 1761 702 λ,
1791 659 1833 694 et
1858 664 1935 707 per

228 726 369 770 solem
391 727 421 769 S
441 740 518 783 age
537 725 741 767 occultam
761 741 779 764 σ
799 725 823 777 ξ
841 723 1042 781 aequalem
1064 729 1088 767 3
1113 723 1142 765 S
1164 736 1182 761 σ
1206 728 1248 772 -1-
1278 728 1302 764 3
1323 721 1337 762 i
1357 729 1395 762 λ.
1456 721 1513 762 Et
1531 720 1676 763 deletis
1699 722 1787 777 jam
1806 721 1934 783 literis

222 1566 282 1615 A,
307 1565 358 1615 E,
383 1565 432 1616 C,
457 1565 493 1616 1,
515 1580 539 1606 a
558 1572 715 1621 puncto
738 1564 776 1607 Β
795 1579 936 1606 versus
956 1571 1156 1620 punctum
1176 1566 1200 1618 ξ
1219 1564 1301 1607 duc
1320 1565 1522 1607 occultam
1539 1580 1689 1607 novam
1711 1565 1749 1607 B
1771 1564 1822 1614 E3
1844 1578 1938 1620 quae

232 1638 285 1683 sit
314 1641 367 1682 ad
395 1641 578 1696 priorem
610 1642 647 1683 B
679 1641 717 1682 E
746 1641 789 1681 in
818 1640 1027 1695 duplicata
1055 1642 1213 1683 ratione
1242 1641 1448 1683 distantiae
1479 1641 1516 1683 B
1539 1641 1569 1682 S
1598 1639 1651 1680 ad
1671 1636 1937 1694 quantitatem

226 1712 262 1753 S
280 1728 323 1770 μᾸ
336 1718 378 1761 -Ι-
405 1713 429 1763 ᾗ
449 1712 464 1752 i
485 1720 522 1753 λ.
583 1711 640 1753 Et
667 1726 744 1766 per
772 1718 973 1766 punctum
994 1711 1032 1752 E
1058 1712 1207 1752 iterum
1228 1711 1309 1752 duc
1329 1712 1544 1765 'rectam—A
1565 1710 1604 1751 E
1626 1709 1663 1750 C
1682 1707 1826 1749 eadem
1846 1705 1938 1762 lege

229 1797 278 1823 ac
306 1783 433 1837 prius,
464 1783 509 1824 id
538 1791 611 1833 est,
643 1783 700 1824 ita
730 1790 777 1823 ut
805 1783 891 1838 ejus
920 1790 1057 1836 partes
1079 1783 1120 1824 A
1141 1783 1180 1824 E
1201 1791 1242 1824 et
1270 1783 1308 1824 E
1331 1783 1367 1825 C
1387 1783 1467 1824 sint
1486 1783 1540 1823 ad
1559 1781 1748 1830 invicem,
1769 1788 1817 1820 ut
1835 1786 1938 1819 tem-

224 1854 329 1909 pora
367 1855 475 1896 inter
513 1855 819 1906 observationes
859 1855 900 1896 V
938 1862 979 1896 et
1018 1855 1112 1897 W.⁴
1176 1855 1232 1896 Et
1266 1861 1386 1896 erunt
1417 1855 1458 1895 A
1492 1861 1534 1895 et
1570 1853 1606 1895 C
1639 1851 1738 1894 loca⁴
1765 1858 1937 1892 cometae

226 1918 274 1980 (³)
295 1927 426 1984 magis
447 1925 651 1987 accurate.
1828 1908 1835 1916 ⁸

227 2047 265 2072 ut
282 2042 303 2073 S
323 2042 354 2073 R
369 2044 385 2061 ²
400 2043 439 2073 ad
458 2043 479 2074 S
494 2049 507 2073 t
521 2045 549 2080 2,
565 2049 596 2074 et
610 2043 707 2082 spatia
720 2042 827 2073 eodem
843 2048 990 2082 tempore,
1011 2052 1065 2072 ur·
1106 2041 1287 2083 trajecten-im
1307 2052 1373 2072 suae
1397 2052 1503 2073 arcum
1527 2041 1731 2079 interceptum
1755 2037 1836 2070 inter
1861 2036 1939 2068 duas

229 2085 375 2125 gentibus
388 2085 449 2115 illis
463 2086 579 2116 viribus
592 2086 735 2116 deorsum
751 2095 854 2115 versus
872 2085 985 2122 Solem,
1008 2084 1063 2114 de-
1107 2084 1318 2125 longitudines
1340 2085 1369 2115 T
1388 2086 1428 2120 A,
1455 2085 1485 2115 Τ
1506 2084 1544 2121 C,
1565 2081 1698 2122 ide6que
1719 2088 1870 2121 punctum
1895 2079 1936 2115 R.

225 2127 348 2168 scripta,
364 2134 438 2159 suut
451 2130 531 2158 inter
544 2138 577 2158 se
592 2134 627 2159 ut
642 2127 719 2158 vires
735 2127 840 2170 (Lem.
858 2127 903 2158 X.
918 2128 988 2159 Lib.
1007 2126 1061 2167 I.);
1106 2133 1152 2157 est
1173 2127 1205 2157 in
1231 2126 1318 2157 art-fis
1340 2127 1427 2157 istius
1447 2125 1570 2157 chordfi.
1620 2124 1712 2156 Unde
1727 2124 1752 2154 si
1770 2129 1837 2154 tam
1850 2129 1939 2153 arcun

1040 2206 1042 2209 v
1106 2169 1284 2210 trajectoriae
1302 2170 1335 2205 Q,
1348 2170 1379 2200 R
1390 2179 1409 2209 q
1424 2169 1504 2199 binis
1518 2167 1763 2208 longitudinibus
1773 2166 1803 2196 T
1814 2165 1855 2202 A,
1869 2164 1900 2194 T
1910 2162 1937 2195 G

1044 2208 1062 2212 ‘⁶
1106 2212 1260 2242 terminati
1282 2211 1374 2252 quam
1397 2211 1504 2250 puncti
1526 2221 1552 2246 e,
1576 2209 1787 2248 concipiantur
1811 2206 1939 2255 vestigia

1106 2254 1295 2284 normalibus
1319 2254 1358 2284 ad
1383 2254 1511 2293 planum
1539 2252 1687 2291 eclipticae
1711 2249 1849 2280 demissis
1876 2257 1938 2297 σιξ-

1106 2302 1187 2333 nata,
1205 2295 1316 2335 nempe
1334 2297 1374 2332 A,
1394 2297 1432 2332 B,
1453 2296 1478 2326 C
1494 2301 1524 2326 et
1541 2295 1583 2330 Ε,
1606 2294 1664 2324 erit
1677 2298 1828 2332 punctum
1853 2290 1882 2321 E
1904 2299 1936 2320 m

1106 2337 1220 2368 chorda
1234 2338 1322 2369 arcus
1339 2339 1368 2368 A
1388 2339 1416 2368 B
1429 2338 1466 2369 C.
1515 2337 1576 2367 Sed
1590 2335 1704 2366 chorda
1717 2333 1806 2365 arcus
1824 2334 1851 2364 A
1868 2333 1896 2363 Β
1908 2332 1935 2364 C

1106 2380 1251 2410 dividitur
1272 2391 1291 2411 a
1311 2380 1392 2411 rectii
1417 2380 1438 2410 S
1456 2381 1483 2410 B
1506 2379 1570 2410 fere
1586 2380 1617 2408 in
1632 2378 1750 2409 ratione
1764 2382 1937 2415 temporum

1105 2423 1218 2463 quibus
1232 2430 1350 2453 cometa
1371 2423 1410 2453 ad
1432 2422 1603 2461 eclipticam
1618 2422 1772 2456 reductus,
1795 2417 1937 2449 describit

1105 2474 1194 2495 arcus
1211 2465 1241 2495 A
1261 2466 1298 2500 B,
1319 2466 1346 2495 B
1365 2465 1402 2502 C,
1428 2464 1533 2506 (165.)
1556 2471 1588 2495 et
1610 2468 1678 2503 (per
1692 2460 1821 2500 constr.)
1836 2461 1868 2491 in
1883 2457 1936 2490 εὶ-

1106 2507 1176 2536 dem
1192 2507 1307 2538 ratione
1329 2507 1476 2537 dividitur
1495 2513 1578 2537 recta
1599 2507 1628 2536 A
1649 2505 1687 2541 C,
1709 2503 1856 2543 nullaque
1876 2501 1937 2533 alia

1106 2549 1188 2580 hisce
1202 2550 1427 2580 conditionibus
1443 2555 1540 2588 potest
1554 2547 1733 2579 satisfacere.
1780 2544 1862 2576 cum
1879 2544 1937 2585 igi-

1106 2598 1157 2621 tur
1182 2599 1318 2631 oporteat
1341 2591 1487 2622 chordam
1513 2589 1602 2622 arcus
1625 2589 1679 2630 qui
1705 2595 1750 2619 est
1773 2587 1936 2628 vestigium

1106 2634 1252 2673 portionis
1282 2634 1462 2675 trajectorioe
1490 2634 1569 2664 inter
1597 2630 1806 2669 longitudines
1836 2630 1865 2661 T
1893 2631 1934 2666 A,

1108 2677 1137 2706 Τ
1155 2677 1179 2706 C
1196 2677 1378 2716 interceptae,
1396 2687 1415 2707 a
1430 2677 1518 2706 rectis
1535 2675 1564 2706 T
1580 2675 1621 2711 A,
1647 2674 1676 2704 T
1694 2674 1719 2704 C
1735 2671 1889 2703 terminari
1904 2677 1937 2702 et

1104 2729 1159 2758 per
1184 2720 1212 2750 E
1234 2720 1360 2750 transire
1381 2725 1412 2749 et
1430 2719 1461 2748 in
1484 2718 1513 2748 Ε
1528 2716 1622 2747 dividi
1639 2718 1670 2746 in
1685 2716 1801 2746 ratione
1816 2721 1935 2754 tempo-

1103 2771 1186 2798 rum,
1209 2758 1343 2801 ctimque
1358 2768 1440 2791 recta
1464 2762 1491 2790 A
1513 2760 1539 2790 C
1562 2760 1651 2789 hasce.
1666 2758 1857 2789 conditiones
1871 2755 1936 2788 sol·

1105 2810 1136 2833 et
1157 2805 1248 2834 unica
1270 2804 1413 2840 obtineat,
1437 2802 1562 2832 evidens
1576 2809 1621 2832 est
1635 2806 1748 2831 rectam
1773 2800 1801 2830 A
1822 2799 1848 2830 C
1870 2809 1936 2830 esse

1104 2846 1247 2876 chordam
1259 2846 1395 2884 praedicti
1408 2843 1502 2878 arcus,
1516 2854 1551 2874 ac
1562 2842 1690 2883 proinde
1700 2847 1812 2882 puncta
1827 2842 1855 2872 A
1863 2847 1894 2872 et
1907 2841 1934 2872 C

1105 2894 1178 2918 sunt
1206 2886 1438 2928 quamproxime
1465 2887 1592 2927 vestigia
1621 2891 1749 2916 cometae
1781 2884 1813 2914 in
1841 2882 1935 2922 plano

1105 2930 1253 2968 eclipticae
1275 2931 1306 2959 in
1328 2929 1589 2959 observationibus
1613 2926 1713 2968 prirnss
1734 2933 1762 2957 et
1786 2924 1883 2960 tertii.
1907 2925 1933 2955 ei

1105 2971 1198 3002 mod&
1217 2973 1244 3002 B
1259 2971 1299 3002 nit
1321 2971 1406 3001 locus
1420 2973 1488 3012 ejus
1502 2970 1583 3002 recte
1597 2976 1770 3008 assumptus
1783 2968 1816 2998 in
1831 2969 1934 2998 obser-

220 3019 314 3058 quare
330 3016 410 3041 recta
427 3011 459 3042 R
474 3022 501 3049 e,
524 3017 569 3043 est
583 3013 716 3052 spatium
739 3023 793 3053 per
806 3013 891 3054 quod
908 3021 1027 3045 cometa
1041 3025 1059 3046 e
1103 3015 1224 3045 vatione
1239 3012 1383 3044 secunda.

220 3059 324 3100 quiete
352 3063 388 3082 ex
423 3054 454 3083 R
487 3054 638 3085 demissus
665 3066 770 3086 versus
801 3056 906 3086 solem
937 3057 1060 3088 caderet
1149 3055 1191 3097 (¹)
1209 3059 1226 3076 θ
1244 3057 1346 3096 Magis
1360 3054 1512 3087 accurate.
1562 3054 1718 3092 Quoniam
1735 3053 1804 3095 (per
1817 3059 1929 3084 constr.

220 3104 342 3124 semisse
358 3096 502 3134 temporis
517 3107 579 3136 quo
596 3098 692 3128 Terra
706 3098 850 3129 describit
865 3109 973 3129 arcum
991 3099 1020 3130 T
1035 3106 1057 3137 t,
1105 3098 1253 3138 praeced.)
1276 3106 1451 3137 assumptus
1472 3104 1518 3129 est
1536 3097 1623 3128 locus
1645 3097 1674 3128 B
1697 3106 1767 3126 vero
1783 3105 1843 3125 non
1859 3093 1931 3126 ntia

219 3136 277 3166 hoc
299 3142 354 3174 est,
377 3137 502 3168 semisse
525 3140 671 3178 temporis
693 3151 756 3181 quo
777 3147 899 3171 cometa
915 3142 1059 3173 describit
1104 3140 1271 3180 proximus,
1303 3148 1334 3172 et
1369 3141 1440 3172 licet
1475 3139 1615 3172 accurate
1643 3144 1784 3178 sumptus
1812 3137 1928 3174 suisset,
