2072 3522
201 292 253 326 61⁴

577 275 1028 322 PHILOSOPHIAE
1060 270 1421 315 NATURALIS
1481 271 1575 322 [DE
1599 270 1760 312 Mum).
1785 270 1908 315 Srs'r.

201 394 423 437 danimodo
444 392 601 434 tollitur
619 406 695 446 per
715 388 1036 445 inaequalitatem
1051 391 1305 426 menstruam
1324 389 1461 423 motus
1476 382 1682 425 nodorum
1703 384 1767 436 (ut
1786 393 1911 435 supra

203 465 399 517 diximus)
422 463 597 519 ideoque
616 462 660 503 in
681 460 838 503 calculo
858 456 1085 500 latitudinis
1105 454 1214 496 illius
1233 453 1389 511 negligi
1409 448 1558 508 potest.

909 615 959 669 (ἔ)
991 613 1197 655 scholium.

205 743 279 772 ergo
290 733 383 762 Luna
395 742 414 762 a
430 730 512 761 nodo
523 730 554 760 N
567 729 605 760 ad
616 734 765 769 punctum
784 727 810 759 F
821 725 901 759 90⁸⁸.
921 737 939 757 a
954 727 1036 756 nodo

205 775 354 810 dissitum,
383 779 485 804 motus
507 772 627 802 medius
652 771 726 802 nodi
755 777 800 800 est
822 770 919 810 major
947 775 1035 799 motu

204 827 285 851 vero,
313 823 377 847 toto
392 826 430 846 eo
444 815 614 851 intervallo,
642 820 678 844 ut
703 812 844 851 superius
867 812 919 852 (ad
939 811 1033 850 Prop.

207 858 384 895 XXXII.)
395 864 551 888 ostensum
564 863 618 893 est,
634 865 708 896 ergo
719 854 876 893 assumpta
887 853 1036 884 mediocri

205 899 349 932 distantia
362 911 381 931 a
395 900 478 930 nodo
492 909 562 939 quae
575 897 647 929 vera
661 897 758 938 major
773 902 827 932 est,
844 902 876 926 et
889 895 1037 926 mediocri

205 943 403 975 inclinatione
426 952 496 983 quae
525 940 669 972 convenit
692 939 740 969 illi
763 938 873 976 mensi,
902 937 1036 968 latitudo

207 1610 305 1652 major
326 1610 500 1641 invenietur
513 1609 608 1651 quam
630 1609 803 1649 debuisset;
826 1610 879 1641 sed
892 1609 1041 1650 quoniam

207 1654 241 1683 in
264 1663 335 1683 casu
352 1653 439 1683 istius
453 1652 563 1694 figurae
585 1653 737 1683 minuitur
761 1653 896 1694 angulus
910 1652 1040 1682 inclma-

208 1695 300 1725 tionis
316 1696 391 1725 dum
408 1695 503 1725 Luna
516 1701 658 1726 movetur
672 1697 711 1726 ab
735 1696 767 1726 N
789 1696 821 1725 in
840 1696 876 1732 F,
899 1701 930 1724 et
944 1695 971 1724 is
985 1704 1039 1724 an-

208 1738 303 1778 gulus
314 1737 352 1767 ad
364 1737 549 1771 mediocrem
559 1737 808 1768 imminutionem
818 1744 892 1767 tunc
905 1736 1041 1775 pervenit

209 1779 282 1809 cum
299 1780 392 1809 Luna
406 1785 452 1810 est
466 1779 498 1808 in
518 1779 544 1809 F
558 1779 685 1815 circiter,
702 1780 775 1819 quia
789 1788 859 1809 area
875 1780 907 1809 N
923 1779 947 1808 F
959 1779 980 1808 h
996 1784 1042 1808 est

208 1821 273 1851 fere
289 1821 498 1851 semi-circulo
512 1821 647 1861 aequalis,
671 1822 743 1851 hinc
757 1821 915 1851 inclinatio
927 1820 1042 1854 ,orbitae

209 1863 361 1904 angulum
377 1864 525 1904 majorem
547 1863 640 1893 efficit
654 1862 747 1903 quam
769 1864 796 1893 is
816 1864 868 1903 qui
886 1873 939 1902 per
952 1861 1041 1892 incli-

198 1906 368 1936 'nationem
390 1905 575 1936 mediocrem
598 1905 789 1944 supponitur,
814 1906 897 1935 unde
912 1904 1042 1935 latitudo

210 1953 282 1987 vera
303 1949 402 1988 major
417 1947 517 1978 evadit
530 1946 625 1987 quam
648 1959 683 1977 ea
704 1958 774 1987 quae
789 1955 911 1986 propter
925 1947 1043 1977 medio-

211 2000 293 2020 crem
309 1990 540 2020 inclinationem
556 1990 662 2020 orbitae
676 1990 847 2020 obtinetur:
866 1990 938 2019 hinc
953 1998 990 2019 ex
1005 1999 1042 2019 eo

211 2032 296 2072 quod
311 2031 384 2062 nodi
399 2031 501 2062 motus
511 2032 673 2062 mediocris
687 2032 755 2062 loco
765 2032 867 2062 motus
883 2032 942 2061 veri
958 2042 1043 2061 assu-

212 2074 315 2110 mitur,
342 2074 498 2104 invenitur
519 2074 650 2104 latitudo
671 2076 769 2116 major
783 2085 862 2110 vera,
886 2075 939 2104 sed
955 2084 991 2104 cx
1007 2083 1044 2104 eo

212 2117 295 2156 quod
316 2116 475 2147 inclinatio
496 2116 658 2146 mediocris
676 2117 842 2146 assumitur
864 2117 932 2147 loco
955 2126 1042 2152 verae,

212 2159 369 2189 invenitur
397 2158 530 2189 latitudo
562 2159 662 2188 minor
690 2158 760 2188 verii
777 2171 786 2196 ;
824 2159 1045 2198 inaequalitates

213 2201 514 2241 itaque.menstruae‚
543 2211 620 2241 quas
641 2201 766 2231 variatio
789 2201 994 2231 inclinationis
1015 2207 1047 2230 et

214 2249 319 2274 motus
333 2243 485 2273 nodorum
501 2242 679 2279 admittunt,
696 2253 761 2273 sese
775 2250 886 2273 mutuo
901 2253 1046 2282 compen·

215 2291 283 2316 sant
293 2286 327 2315 in
339 2285 457 2316 calculo
466 2284 645 2315 latitudinis.
683 2285 792 2316 Caeteri
806 2295 893 2316 casus
906 2285 1046 2316 eamdem

216 2327 499 2366 compensationem
513 2327 719 2366 suppeditant,
743 2338 771 2357 v.
789 2338 834 2368 gr.
861 2328 936 2358 dum
954 2328 1047 2358 Luna

216 2380 254 2400 ex
272 2370 299 2400 F
313 2369 346 2399 in
361 2380 382 2409 q
395 2375 547 2406 movetur,
569 2377 673 2400 motus
687 2380 776 2400 verus
790 2369 865 2399 nodi
887 2375 932 2400 est
947 2370 1048 2400 minor

215 2418 305 2442 motu
319 2422 400 2448 vero,
415 2412 488 2441 hinc
499 2412 593 2442 Luna
607 2418 652 2442 est
660 2410 765 2443 revera
775 2412 918 2442 remotior
933 2423 951 2442 a
965 2412 1049 2443 nodo

216 2454 311 2495 quam
326 2454 469 2484 statuitur
481 2464 534 2493 per
542 2461 662 2484 motum
674 2454 812 2485 medium
822 2454 905 2491 nodi,
917 2454 1048 2495 ideoque

216 2496 350 2527 latitudo
364 2496 463 2537 major
478 2496 662 2535 supponitur
675 2495 768 2537 quam
783 2503 829 2527 est
851 2496 937 2536 (quia
951 2498 985 2526 in
1000 2507 1049 2527 se-

217 2539 324 2569 cundo
337 2538 507 2579 quadrante
528 2549 547 2568 a
568 2539 651 2569 nodo
665 2538 728 2579 quo
743 2539 866 2579 propior
887 2544 932 2568 est
956 2538 1049 2570 Luna

218 2592 238 2612 a
260 2580 343 2611 nodo
370 2581 551 2611 ascendente
579 2581 620 2618 N,
651 2579 783 2622 ideoque
806 2591 843 2612 eo
866 2580 1009 2611 remotior
1031 2593 1050 2612 a

219 2623 423 2654 descendente
449 2633 478 2658 n,
505 2622 542 2653 eo
567 2623 633 2663 ejus
647 2623 778 2655 latitudo
802 2629 848 2654 est
868 2623 979 2664 major)
996 2624 1049 2655 sed

220 2665 294 2695 cum
319 2666 417 2696 orbita
433 2665 534 2696 Lunae
549 2666 689 2697 habuerit
711 2666 744 2696 in
770 2665 796 2696 F
819 2665 1050 2696 inclinationem

219 2707 416 2744 mediocrem,
445 2714 578 2748 augetur
600 2707 626 2737 is
650 2708 784 2749 angulus
809 2707 885 2738 dum
911 2715 1051 2739 movetur

221 2750 317 2780 Luna
331 2752 370 2781 ab
387 2750 414 2780 F
427 2749 466 2781 ad
481 2760 511 2790 q,
534 2748 666 2791 ideoque
681 2750 865 2781 assumendo
880 2760 947 2780 cam
963 2750 1051 2781 incli-

220 2793 377 2822 nationem
400 2792 597 2830 mediocrem,
624 2793 725 2823 minor
745 2792 900 2823 obtinetur
921 2793 1052 2824 latitudo

220 2833 314 2873 quam
340 2835 444 2865 revera
468 2840 523 2872 est,
555 2845 638 2876 ergo,
665 2840 788 2874 propter
811 2835 1051 2874 inaequalitatem

220 2875 323 2906 motus
338 2876 420 2913 nodi,
439 2876 570 2908 latitudo
579 2888 649 2918 quae
663 2887 699 2907 ex
714 2882 802 2907 motu
817 2877 890 2907 nodi
905 2878 1051 2909 mediocri

220 2917 356 2952 habetur,
380 2926 425 2949 est
446 2919 544 2959 major
559 2918 638 2954 vera,
662 2918 793 2950 latitudo
807 2929 877 2959 quae
898 2921 1054 2951 obtinetur

220 2969 256 2989 ex
274 2960 471 2992 inclinatione
483 2962 629 2992 mediocri
644 2968 689 2993 est
704 2962 804 2992 minor
816 2961 895 2998 vera,
909 2972 1053 3002 compen-

219 3007 326 3032 santur
340 3013 413 3042 ergo
429 3014 553 3041 errores,
568 3005 624 3035 &c-

264 3043 309 3092 (Β)
328 3047 345 3063 *⁸
364 3047 526 3078 Scholium.
567 3046 691 3078 Scholio
704 3047 763 3077 hoc
777 3046 870 3077 tradit
884 3046 1055 3078 Newtonus

220 3089 355 3134 rationes
370 3087 482 3127 quibus
497 3088 637 3128 quaedam
661 3099 698 3119 ex
721 3089 943 3130 aequationibus
966 3090 1053 3120 luna-

219 3129 306 3158 ribus
319 3127 358 3159 ad
374 3129 508 3160 calculos
522 3131 655 3161 revocari
670 3131 796 3170 possint,
814 3131 868 3162 sed
883 3131 1053 3162 dolendum

322 3175 332 3185 O

1079 730 1125 755 est
1146 723 1238 753 illum
1252 732 1316 752 non
1337 721 1490 761 aperuisse
1504 719 1568 751 vias
1581 719 1695 761 quibus
1708 728 1784 751 usus
1804 726 1851 750 est
1870 717 1912 749 ad

1079 777 1130 797 eas
1159 764 1407 795 concinnandas:
1445 764 1600 795 defectum
1629 763 1714 792 huuc
1742 768 1912 801 utcumque

1077 818 1217 848 reparare
1239 815 1348 837 sumus
1363 807 1477 844 conati,
1501 811 1532 836 et
1552 804 1714 835 methodos
1734 804 1911 843 aperuimus

1077 853 1189 891 quibus
1211 860 1249 880 ex
1270 849 1428 890 gravitatis
1442 846 1561 879 theoria
1575 857 1627 877 eas
1648 846 1836 887 aequationes
1856 845 1911 876 de-

1077 894 1189 924 ducere
1204 892 1313 928 liceat3
1338 896 1491 932 quantum
1516 889 1582 920 fieri
1606 889 1707 928 potuit
1729 887 1838 918 iisdem
1864 886 1912 917 usi

1077 946 1186 965 sumus
1199 933 1351 965 methodis
1365 943 1440 973 quas
1458 933 1614 963 Newtono
1628 930 1794 961 familiares
1815 929 1912 960 fuisse

1077 983 1204 1014 constat,
1222 984 1253 1007 et
1267 975 1305 1006 ad
1321 976 1388 1016 ejus
1402 975 1572 1006 solutiones
1585 973 1724 1012 proxime
1739 981 1796 1002 nos
1810 980 1913 1002 acces-

1077 1021 1151 1050 sisse
1171 1019 1340 1059 percipient
1362 1018 1417 1047 viri
1440 1017 1522 1048 docti
1544 1015 1619 1047 cum
1633 1014 1739 1054 paucis
1761 1013 1912 1044 duntaxat

1077 1061 1222 1093 secundis
1251 1063 1289 1091 ab
1317 1060 1413 1099 ipsius
1443 1059 1581 1090 numeris
1609 1057 1746 1087 discedat
1774 1055 1913 1086 calculus

1077 1110 1190 1141 noster,
1213 1111 1244 1134 et
1264 1103 1331 1143 ejus
1351 1101 1578 1142 consequentiae
1590 1100 1692 1139 plnnae
1713 1099 1777 1129 sint
1797 1096 1913 1128 similes

1076 1147 1114 1177 iis
1135 1156 1211 1187 quas
1232 1155 1269 1176 ex
1292 1144 1355 1175 suis
1372 1144 1535 1183 Principiis
1551 1143 1724 1173 Newtonus
1745 1138 1892 1171 derivavit
1899 1151 1910 1178 ς

1077 1194 1184 1219 utrum
1198 1188 1266 1218 aliis
1277 1179 1430 1217 methodis
1445 1196 1492 1216 res
1506 1185 1627 1216 felicius
1641 1183 1754 1214 absolvi
1766 1182 1911 1222 potuerit,

1078 1230 1210 1262 viderint
1225 1230 1395 1266 doctiores;
1411 1238 1568 1267 speramus
1579 1234 1683 1258 tamen
1697 1226 1753 1256 hos
1767 1224 1910 1262 calculos,

1077 1279 1115 1303 ut
1138 1272 1284 1313 legitimis
1305 1271 1462 1311 principiis
1486 1272 1584 1306 nixos,
1613 1268 1778 1299 lectoribus
1802 1267 1913 1297 nostris

1079 1321 1182 1356 gratos
1196 1315 1271 1350 fore,
1297 1321 1328 1344 et
1351 1313 1429 1343 forte
1452 1323 1504 1343 eos
1523 1313 1631 1353 juvare
1653 1318 1690 1341 ut
1711 1309 1823 1340 melius
1837 1308 1913 1349 quid

1080 1357 1273 1397 excogitent:
1300 1361 1446 1386 caeterum
1468 1356 1525 1385 hoc
1550 1353 1701 1384 scholium
1723 1352 1754 1382 in
1776 1351 1914 1392 quinque

1078 1400 1285 1439 paragraphos
1300 1397 1461 1429 commode
1475 1396 1615 1427 distribui
1629 1401 1749 1434 potesta
1764 1394 1798 1424 in
1813 1394 1914 1433 primo

1081 1442 1255 1472 Newtonus
1269 1440 1384 1470 indicat
1398 1439 1552 1470 calculum
1568 1438 1634 1479 ejus
1648 1436 1828 1477 aequationis
1845 1436 1912 1466 Lu-

1079 1494 1138 1521 nae,
1165 1494 1236 1524 quae
1257 1482 1389 1523 oequatio
1413 1481 1519 1512 solaris
1540 1481 1641 1520 prima
1655 1479 1784 1509 dicitur:
1810 1479 1843 1508 in
1865 1488 1911 1509 se·

1079 1526 1192 1563 cundo,
1209 1526 1301 1556 tradit
1316 1524 1504 1565 aequationes
1525 1523 1638 1553 solares
1647 1520 1750 1551 motus
1760 1520 1914 1551 nodorum

1079 1576 1110 1600 et
1139 1568 1259 1609 apogaei
1288 1568 1410 1604 Lunae;
1438 1566 1471 1596 in
1499 1566 1590 1596 tertio
1618 1564 1704 1600 illam
1733 1563 1915 1604 aequationis

1079 1611 1185 1642 solaris
1199 1611 1420 1641 correctionem
1435 1608 1527 1644 tradit
1549 1618 1619 1649 quae
1634 1608 1672 1637 ab
1687 1605 1915 1637 excentricime

1080 1654 1187 1684 orbitae
1210 1652 1328 1683 lunaris
1352 1651 1487 1691 pendet3
1510 1650 1544 1680 in
1569 1657 1678 1690 quarto
1699 1648 1790 1678 aliam
1812 1646 1914 1679 adhuc

1080 1695 1299 1727 correctionem
1310 1693 1490 1734 aequationis
1499 1693 1605 1723 solaris
1615 1691 1710 1723 addit.
1722 1701 1791 1731 quae
1802 1700 1914 1729 nempe

1079 1738 1177 1768 oritur
1199 1748 1234 1768 ex
1257 1736 1457 1766 inclinatione
1471 1735 1578 1765 orbitae
1592 1733 1708 1764 lunaris
1730 1733 1769 1762 ad
1784 1731 1913 1773 planum

1079 1780 1244 1819 eclipticae3
1267 1779 1300 1809 in
1315 1779 1423 1819 quinto
1438 1777 1571 1817 denique
1584 1777 1649 1817 agit
1669 1775 1708 1806 de
1732 1774 1912 1814 aeqnationi-

1079 1824 1138 1853 bus
1149 1820 1250 1852 motus
1264 1821 1364 1851 Lunae
1378 1826 1409 1850 et
1423 1820 1489 1860 ejus
1503 1820 1631 1859 apogaei,
1642 1828 1711 1858 quae
1725 1817 1861 1856 pendent
1875 1826 1913 1847 ex

1080 1865 1139 1895 situ
1156 1863 1275 1904 apogaei
1291 1863 1393 1894 Lunae
1407 1869 1546 1900 respectu
1563 1860 1652 1891 Solis.

1126 1907 1171 1938 Ut
1185 1913 1289 1936 autem
1303 1906 1371 1935 haec
1392 1905 1497 1935 omnia
1519 1910 1549 1934 et
1570 1903 1763 1942 potissimum
1785 1912 1822 1932 ea
1842 1911 1912 1942 quoe

1082 1949 1286 1990 aequationem
1317 1948 1446 1977 solarem
1477 1947 1579 1976 Lunae
1607 1951 1754 1984 spectant,
1784 1951 1815 1974 et
1843 1953 1914 1984 quae

1081 1992 1190 2031 primo,
1215 1990 1304 2020 tertio
1325 1996 1356 2020 et
1377 1994 1486 2030 quarto
1508 1989 1697 2028 paragrapho
1718 1998 1738 2017 a
1762 1987 1914 2016 Newtono

1082 2033 1267 2069 indicantur,
1282 2031 1397 2062 melius
1410 2030 1630 2070 intelligantur,
1648 2035 1748 2059 totum
1764 2039 1836 2058 eum
1851 2027 1913 2058 cal-

1082 2077 1189 2107 culum
1211 2074 1310 2115 qualis
1335 2084 1372 2104 ex
1396 2071 1514 2104 theoria
1528 2072 1683 2112 gravitatis
1707 2070 1915 2101 instituendus

1083 2118 1171 2149 nobis
1185 2115 1354 2154 videbatur,
1376 2125 1442 2147 uno
1462 2121 1567 2147 tenore
1588 2113 1773 2145 tradendum
1793 2112 1914 2143 censui-

1083 2171 1163 2191 mus.

1084 2247 1136 2277 De
1150 2247 1332 2277 incremento
1347 2242 1445 2276 motas
1458 2245 1549 2276 medii
1563 2244 1677 2279 Lunae,
1693 2248 1722 2272 et
1735 2242 1800 2282 ejus
1809 2251 1913 2282 ‹equa-

1129 2290 1209 2319 riom
1223 2286 1342 2324 annua,
1363 2298 1391 2317 w
1405 2289 1478 2318 Solis
1493 2288 1609 2316 actione
1621 2285 1830 2324 pendentibus,
1849 2285 1915 2323 pri-

1129 2342 1217 2361 mum
1228 2332 1261 2361 in
1273 2330 1426 2370 hypothesi
1433 2330 1532 2359 orbem
1542 2330 1645 2359 Lunae
1655 2337 1714 2357 esse
1725 2328 1915 2363 circularem,

1123 2379 1226 2413 postea
1242 2373 1275 2403 in
1287 2372 1437 2411 hypothesi
1448 2372 1543 2401 orbem
1554 2371 1659 2401 Lunoe
1669 2379 1727 2399 esse
1737 2370 1914 2408 ellipticum.

1129 2416 1273 2455 Denique
1294 2415 1329 2445 in
1350 2415 1416 2444 orbe
1444 2414 1549 2444 lunari
1578 2414 1619 2442 ad
1639 2412 1807 2451 eclipticam
1827 2411 1916 2441 incli-

1128 2462 1209 2487 nato.

1388 2539 1569 2572 THEOR.
1595 2539 1622 2570 1.

1136 2627 1257 2665 Corpus
1274 2625 1302 2656 P
1316 2625 1489 2656 revolvatur
1498 2624 1532 2654 in
1543 2623 1659 2654 circulo
1672 2625 1701 2653 A
1716 2624 1749 2654 D
1761 2623 1789 2654 B
1802 2623 1829 2655 C
1839 2622 1919 2654 circa

1090 2678 1201 2708 corpus
1217 2669 1246 2699 T
1262 2679 1280 2699 a
1294 2678 1355 2708 quo
1370 2668 1535 2698 retineatur
1547 2676 1603 2705 per
1615 2666 1678 2696 vim
1693 2666 1919 2696 decrescentem

1091 2710 1262 2742 secundum
1271 2710 1418 2751 quadrata
1428 2708 1641 2740 distantiarum
1651 2719 1660 2745 ;
1677 2708 1800 2738 accedat
1814 2714 1919 2738 autem

1092 2754 1138 2783 vis
1165 2752 1307 2794 quoedam
1336 2752 1478 2783 constans
1505 2761 1575 2791 quae
1604 2751 1737 2781 retrahat
1772 2757 1920 2790 perpetuo

1093 2805 1204 2835 corpus
1219 2796 1243 2825 P
1259 2805 1278 2825 a
1288 2804 1413 2834 corpore
1423 2793 1550 2824 centrali
1563 2793 1601 2830 T,
1615 2792 1667 2822 sed
1678 2802 1748 2833 quae
1758 2793 1798 2823 sit
1809 2792 1921 2833 exigua

1094 2843 1233 2877 respectu
1249 2837 1294 2867 vis
1308 2837 1376 2878 ejus
1390 2836 1525 2875 corporis
1541 2835 1570 2866 T
1583 2847 1591 2871 ;
1614 2842 1645 2865 et
1659 2834 1848 2866 describatur
1861 2834 1921 2864 cir-

1093 2880 1183 2910 culus
1204 2891 1223 2910 a
1245 2880 1266 2910 d
1287 2881 1307 2910 b
1328 2889 1345 2910 c
1367 2880 1400 2908 in
1421 2878 1474 2908 tali
1489 2876 1634 2908 distantia
1649 2884 1685 2908 ut
1698 2877 1856 2908 residuum
1877 2876 1922 2906 vis

1094 2932 1187 2962 quam
1199 2927 1352 2952 exerceret
1365 2930 1476 2960 corpus
1487 2920 1516 2951 T
1528 2920 1560 2949 in
1572 2918 1609 2950 ea
1618 2918 1763 2961 distantia
1773 2916 1923 2961 (deu-acta

1095 2963 1132 2994 ea
1147 2964 1176 2994 vi
1191 2963 1348 3003 extranea)
1363 2962 1403 2993 sit
1416 2962 1456 2993 ad
1470 2962 1532 2992 vim
1543 2961 1605 3003 qua
1619 2971 1729 3001 corpus
1744 2962 1772 2993 P
1787 2960 1921 2992 revolvo-

1093 3008 1184 3037 batur
1198 3007 1230 3036 in
1245 3006 1360 3036 circulo
1377 3005 1407 3035 A
1427 3005 1460 3035 D
1473 3005 1501 3035 B
1514 3005 1540 3036 C
1555 3003 1674 3035 inverse
1689 3011 1724 3035 ut
1737 3003 1807 3035 cubi
1822 3003 1922 3034 radio-

1095 3058 1165 3079 rum
1189 3048 1219 3079 T
1240 3058 1270 3087 p,
1295 3048 1324 3079 Τ
1348 3047 1397 3085 P;
1419 3046 1498 3084 dico,
1522 3048 1604 3087 quod
1619 3045 1840 3086 propterillam
1860 3045 1925 3076 vim

1097 3096 1274 3121 extraneam
1290 3090 1342 3121 fiet
1356 3096 1392 3120 ut
1407 3099 1517 3128 corpus
1528 3089 1644 3120 Pcirca
1658 3087 1808 3120 circulum
1823 3087 1925 3118 adhc

1098 3132 1261 3170 oscilletur,
1278 3142 1361 3163 nunc
1375 3130 1550 3163 citramunc
1564 3131 1645 3163 ultra
1655 3130 1800 3168 delatum,
1817 3139 1927 3170 parum
