2072 3522
219 265 272 302 58
613 246 1061 293 PHILOSOPHIAE
1091 244 1452 309 NATURALIS
1481 245 1576 296 [DE
1598 243 1760 286 Mum).
1784 243 1908 288 Sym·-

209 367 482 412 inclinationis
502 365 673 408 variatio
692 372 878 420 tempore
898 361 1050 404 mensis
1071 360 1179 401 illius
1198 359 1305 401 foret
1325 358 1380 400 ad
1401 358 1492 401 33”.
1515 357 1617 400 lom.
1640 355 1749 407 33¹&
1781 356 1833 411 (Ρ)
1863 362 1912 398 ut

210 448 480 499 aggregatum
494 437 678 479 omnium
693 450 883 478 arearum
897 434 946 476 H
960 449 989 489 p
1006 432 1058 475 M
1072 431 1115 482 h,
1131 432 1176 472 in
1190 429 1444 473 revolutione
1458 429 1600 485 puncti
1615 444 1644 484 p
1659 428 1907 486 genitarum,

211 522 255 557 et
283 513 358 555 sub
389 510 514 568 signis
543 509 720 566 propriis
744 516 788 559 -ι-
813 515 855 550 et
874 532 932 541 —
950 508 1275 563 conjunctarum,
1298 503 1470 546 ductum
1497 503 1542 544 in
1571 503 1613 545 A
1632 502 1667 544 Z
1690 513 1724 547 Χ
1749 501 1791 543 Τ
1812 501 1847 543 Ζ
1870 510 1904 545 ><

212 2000 253 2040 Λ
275 1999 309 2040 Ζ
332 2010 366 2044 ><
391 1997 432 2039 Τ
449 1998 483 2039 Ζ
505 2007 540 2042 ><
566 1971 662 2081 ΙῙΞ-ἓῐ
690 1995 744 2038 ad
766 1996 818 2038 M
837 2010 865 2051 p
889 2005 924 2040 Χ
948 1995 989 2042 Α
1010 1996 1052 2038 Τ
1071 1994 1164 2037 cub.
1201 1995 1249 2050 (¹)
1280 1994 1362 2037 hoc
1393 2002 1466 2047 est,
1503 2002 1549 2037 ut
1582 1994 1911 2038 circumferentia

212 2096 1668 2207 QAqaduetainAszzx113—gad2MprTquad.

253 2280 299 2322 (Ρ)
326 2282 344 2300 ⁹
369 2281 409 2312 Ut
424 2285 621 2320 aggregatum
634 2279 772 2310 omnium
786 2287 929 2309 arearum
955 2278 994 2308 H
1010 2288 1035 2317 p
1122 2276 1232 2317 Itaque
1251 2287 1358 2308 omnes
1371 2287 1451 2307 areae
1473 2277 1509 2308 H
1524 2286 1545 2315 p
1561 2276 1599 2307 M
1613 2277 1635 2306 h
1657 2277 1715 2307 sub
1727 2275 1825 2316 signis
1838 2285 1910 2316 pm-

211 2325 251 2354 M
272 2325 292 2353 lz
316 2324 370 2354 sub
395 2325 486 2363 signis
506 2323 637 2362 propriis
662 2321 901 2362 conjunctarum
923 2319 1038 2350 scilicet
1078 2319 1152 2359 priis
1163 2320 1336 2360 conjunctae
1347 2319 1484 2362 efficiunt
1494 2319 1647 2349 circulum
1656 2319 1905 2360 totquAqn.

209 2371 300 2405 prout
314 2365 395 2395 linea
411 2365 449 2395 M
467 2365 502 2394 H
518 2366 651 2396 sumitur
663 2363 697 2394 iu
711 2363 851 2394 eamdem
865 2368 982 2402 partem
1002 2371 1039 2392 ac
1126 2362 1282 2392 Caeterum
1307 2361 1529 2392 observandum
1554 2360 1754 2391 variationem
1781 2361 1911 2392 inclina-

210 2408 292 2438 linea
308 2408 346 2438 M
360 2407 394 2437 K
409 2412 463 2438 aut
477 2407 510 2436 in
525 2414 641 2445 partem
653 2405 840 2446 oppositam
855 2404 955 2444 priore
966 2414 1040 2435 oesu
1080 2403 1173 2435 tionis
1201 2413 1266 2434 esee
1290 2403 1452 2445 positivam
1480 2409 1536 2435 aut
1563 2403 1749 2445 negativam,
1777 2403 1838 2434 hoc
1863 2407 1912 2435 at

210 2460 279 2480 area
303 2450 338 2480 H
354 2459 374 2488 p
391 2450 427 2480 M
442 2450 463 2478 h
485 2450 574 2489 signo
589 2448 768 2480 affirmativo
782 2453 828 2478 est

210 2492 379 2528 afficienda,
396 2492 561 2530 posteriore
577 2491 728 2532 negativo.

253 2534 298 2576 (²¹)
329 2537 346 2554 ¹*
372 2537 412 2566 Id
440 2540 492 2572 est,
521 2541 556 2566 uc
585 2536 718 2565 circulus
746 2539 826 2565 totus

213 2579 239 2612 Q
254 2579 285 2608 A
299 2590 317 2617 q
332 2589 361 2614 a,
386 2577 440 2607 διε.
490 2577 604 2618 Liquet
618 2587 654 2606 ex
670 2575 736 2615 ipsfi
749 2584 823 2606 con-

208 2619 382 2656 structione,
415 2619 497 2660 quod
521 2619 598 2649 dum
623 2624 776 2658 punctum
802 2626 825 2656 p

207 2668 349 2693 movetur
377 2662 416 2692 ab
447 2661 474 2692 F
503 2672 600 2702 usque
623 2661 662 2692 ad
687 2671 718 2702 q,
746 2669 826 2692 areae

210 2705 246 2735 H
262 2715 283 2744 p
301 2705 339 2734 M
357 2705 393 2735 H
415 2705 607 2735 constituunt
627 2713 729 2735 aream
742 2701 825 2742 posi·

205 2747 300 2777 tivam
322 2747 571 2788 FAnqrfT
589 2747 624 2784 F,
646 2746 723 2776 dum
743 2755 782 2776 ex
803 2755 824 2786 q

206 2789 247 2819 ad
261 2789 279 2818 f
288 2789 431 2828 procedit.
445 2799 523 2820 areae
537 2790 571 2820 H
587 2799 608 2829 p
625 2789 662 2819 M
678 2789 698 2819 h
712 2787 824 2819 consti-

206 2837 300 2861 tuunt
309 2841 410 2862 aream
421 2832 593 2872 negativam
609 2842 629 2872 q
637 2841 652 2861 r
663 2831 685 2866 f,
701 2840 771 2872 quae
784 2839 824 2861 ex

206 2873 300 2912 priori
314 2874 448 2906 detracta
469 2874 614 2915 relinquit
634 2873 824 2905 semicircu-

205 2915 275 2946 lum
293 2916 320 2946 F
334 2926 354 2945 n
369 2916 391 2946 f.

251 2957 346 2992 Quod
361 2957 437 2988 dum
448 2965 599 2998 punctum
612 2970 632 2999 p
643 2957 778 2999 procedit
789 2967 826 2988 ex

203 2999 223 3029 f
232 2998 271 3030 ad
288 3000 328 3036 Q.
345 3011 423 3030 ιιι-(ιω
441 3002 474 3031 Η
492 3013 512 3040 p
530 3002 566 3032 M
581 3003 602 3032 h
617 3002 757 3032 efficiunt
764 3010 865 3031 aream
875 3000 1035 3039 positivam
1078 3011 1212 3033 crescere
1232 3007 1287 3032 aut
1301 3000 1474 3032 durescere
1495 2997 1666 3030 secundum
1686 2998 1774 3039 signa
1787 2995 1911 3038 quanti-

205 3042 223 3072 f
233 3052 252 3072 n
267 3042 300 3073 N
318 3042 351 3078 Q
367 3043 398 3073 R
416 3043 442 3074 F
459 3044 487 3073 T
502 3044 519 3074 f
535 3049 566 3074 et
583 3044 659 3075 dum
675 3054 713 3075 ex
738 3044 771 3080 Q
790 3043 829 3073 ad
848 3043 873 3073 F
888 3044 1036 3082 procedit,
1078 3044 1150 3075 tatis
1167 3046 1198 3074 A
1215 3045 1240 3074 Z
1258 3048 1292 3081 ><
1312 3043 1342 3074 Τ
1358 3043 1382 3074 Ζ
1405 3042 1444 3073 de
1465 3042 1579 3084 quibus
1599 3042 1634 3072 in
1650 3040 1752 3073 Corol.
1770 3038 1911 3080 proximo

206 3083 345 3115 efficiunt
359 3094 461 3115 aream
475 3087 649 3126 negativam
668 3087 700 3123 Q
717 3087 748 3118 R
765 3086 792 3117 F
807 3095 876 3126 quae
891 3095 928 3116 ex
944 3086 1038 3126 priori
1081 3086 1230 3118 dicemus.

204 3126 341 3158 detracta
355 3127 499 3168 relinquit
513 3129 756 3160 semi-circulum
770 3128 788 3158 f
801 3128 833 3159 N
853 3129 886 3159 F.
1124 3129 1168 3171 (')
1185 3131 1202 3148 ¹⁸
1223 3131 1265 3162 Ut
1279 3129 1413 3161 circulus
1428 3134 1507 3159 totus
1527 3129 1551 3163 Q
1564 3128 1593 3159 A
1607 3139 1625 3168 q
1640 3138 1659 3158 α
1674 3127 1784 3158 ductus
1794 3126 1829 3156 in
1841 3124 1871 3154 A
1885 3124 1912 3155 Ζ
