2072 3522
161 286 311 328 met
331 282 571 334 Tannus]
631 279 954 324 PRINCIPIA
983 276 1476 320 MATHEMATICA.
1812 281 1867 320 29

161 396 519 440 nunquiaPaetinter
541 395 574 426 N
595 396 745 431 etQaut
764 404 785 435 q
804 399 837 424 et
857 403 890 431 n,
911 393 992 429 etQ

161 443 254 474 estin
267 439 486 481 consequentia
499 444 638 478 respectu
655 438 698 473 N,
721 437 779 468 erit
792 436 885 467 etiam
909 436 938 466 P
957 435 992 465 in

160 483 379 525 consequentia
390 487 531 529 respectu
546 480 653 523 puncti
670 479 713 517 N,
736 486 767 510 et
787 479 900 518 pariter
913 478 992 508 dum

128 529 131 531 ’
160 538 183 558 ιι
196 532 334 557 versatur
346 525 380 555 in
395 523 603 555 semi-circulo
620 523 655 558 Q
671 523 700 553 B
715 532 745 562 q,
768 531 790 551 ιι
812 527 858 551 est
871 521 905 550 in
918 530 992 551 con-

160 569 320 610 sequentia
333 573 473 606 respectu
488 565 596 605 puncti
609 575 630 605 q
643 571 675 595 et
688 574 777 595 arcus
792 564 856 604 Nq
869 563 903 593 in
918 573 992 594 oon-

159 612 318 652 sequentia
337 615 480 648 sumptus
502 618 560 638 nec
580 617 642 638 non
664 617 754 637 arcus
777 606 810 637 N
827 606 855 636 P
876 605 993 646 singuli

160 655 296 687 niinoreu
313 658 495 685 ertmtarcu
517 650 588 682 Nn
607 650 671 681 aive
691 647 990 680 minoressemi-cir-

160 1450 251 1500 ⁶⁰¹2.
266 1460 342 1492 ergo
366 1455 498 1491 utroque
520 1459 594 1481 casu
615 1449 753 1491 ang-ulus
779 1450 814 1481 N
836 1450 866 1481 T
883 1449 912 1480 P
936 1449 994 1481 erit

160 1499 356 1566 poslirilgnuesnte
381 1535 413 1565 A
430 1511 468 1566 T⁸
482 1535 517 1565 N
541 1534 670 1574 positivo
694 1535 756 1565 sint
781 1535 816 1565 N
839 1534 888 1565 vel
913 1545 935 1564 n
959 1535 993 1565 in

159 1577 368 1608 serni-circulo
385 1578 419 1613 Q
434 1578 463 1607 A
480 1587 510 1618 q,
531 1583 599 1607 tum
613 1577 688 1617 quia
704 1577 733 1608 P
746 1583 792 1608 est
805 1577 886 1608 inter
910 1578 944 1613 Q
963 1583 995 1608 et

161 1620 196 1651 N
205 1625 261 1651 aut
273 1630 295 1650 n
310 1625 342 1651 at
354 1630 384 1660 q,
396 1620 454 1650 erit
462 1619 557 1650 etiam
570 1620 598 1650 P
607 1620 641 1650 in
651 1619 860 1650 semi-circuio
874 1620 908 1655 Q
919 1620 950 1650 A
962 1629 993 1660 q,

160 1660 295 1704 ideoque
308 1662 443 1703 angulus
469 1662 504 1698 Q
518 1662 548 1692 T
563 1662 591 1692 P
613 1662 671 1693 erit
685 1662 842 1701 positivus,
866 1662 919 1693 sed
939 1673 995 1693 an-

159 1705 255 1746 gulus
270 1705 304 1735 N
319 1704 473 1778 &Praei-it
487 1705 657 1778 negativas,
663 1705 948 1783 ἓοιὲᾳιιὲἓῐρρωῑ
961 1705 995 1778 iNn

159 1757 202 1778 ,Β
216 1789 226 1797 “
249 1784 264 1787 '
288 1757 368 1820 merit
389 1789 422 1819 in
433 1752 612 1820 ¹{aerigimeceoenpun
613 1757 657 1820 tii·
669 1770 810 1829 respectu,
766 1757 799 1777 m
833 1790 886 1827 N;
908 1754 945 1820 {tt
960 1790 994 1820 in

159 1842 310 1873 casuque
333 1832 362 1863 P
381 1831 758 1873 feretinternetqquia
774 1843 796 1872 q
816 1839 862 1862 est
883 1832 917 1862 in
936 1833 994 1863 hac

159 1874 322 1914 hypothesi
341 1874 374 1905 in
396 1875 615 1914 consequentia
633 1881 774 1915 respectu
799 1885 832 1911 n,
862 1875 891 1906 P
915 1875 994 1906 foret

159 1917 255 1948 ‘tiam
267 1916 303 1947 in
315 1917 534 1957 consequentia
547 1923 688 1957 respectu
711 1928 742 1953 n,
767 1915 902 1958 ideoque
921 1917 994 1957 plus

159 1959 368 1990 aemi-circulo
381 1970 401 1990 a
414 1965 531 1998 puncto
553 1961 587 1991 N
607 1960 744 1998 distaret,
764 1966 898 2001 utroque
917 1970 994 2002 ergo

159 2011 233 2032 casu
247 2002 384 2043 angulus
399 2002 432 2032 N
449 2003 479 2034 T
497 2003 524 2032 P
537 2003 699 2044 negativus
712 2002 800 2033 foret.

205 2044 252 2075 Sit
276 2044 411 2085 angulus
435 2046 467 2076 A
485 2045 515 2076 Τ
531 2046 563 2076 N
586 2045 758 2086 negativus,
773 2032 933 2085 sitque'N
959 2045 1011 2076 in.

159 2086 330 2126 quadrante
343 2097 363 2127 q
381 2089 422 2123 A,
438 2088 488 2118 vel
501 2098 523 2118 ιι
537 2088 571 2118 ἰιι
585 2088 755 2128 quadrante
771 2087 801 2118 A
820 2088 861 2124 Q.
877 2094 910 2119 et
925 2088 994 2118 Lu-

160 2128 204 2159 ni
220 2129 248 2159 P
261 2129 341 2158 inter
367 2129 400 2159 N
424 2135 456 2160 et
476 2140 496 2170 q
517 2129 566 2160 vel
579 2140 601 2159 ιι
615 2136 647 2161 et
663 2131 707 2166 Q,
730 2130 827 2171 liquet
839 2130 994 2171 angulum

163 2171 196 2206 Q
206 2171 235 2202 T
248 2171 274 2201 P
287 2170 354 2201 fore
361 2172 537 2210 positivum,
546 2172 620 2212 quia
633 2178 679 2203 est
695 2172 724 2202 Ρ
737 2172 771 2201 in
785 2172 994 2203 semi-circulo

164 2214 200 2250 Q
214 2213 245 2244 A
260 2223 302 2253 q3
323 2214 459 2254 angulus
472 2220 578 2245 autem
595 2214 628 2245 N
644 2214 674 2245 T
691 2214 720 2245 P
733 2214 792 2245 erit
804 2214 896 2244 etiam
910 2215 994 2254 posi-

161 2256 252 2293 tivus,
268 2256 994 2299 namsitNinquadrantqu‚qestincon-

587 2376 820 2420 1²⁰-12

1580 351 1596 369 l

1032 391 1066 422 in
1080 390 1250 431 quadrante
1267 390 1298 420 A
1318 390 1360 426 Q,
1386 388 1461 420 cum
1486 398 1509 418 n
1534 388 1574 419 sit
1594 388 1629 418 in
1650 389 1869 428 consequentia

1033 440 1173 472 respectu
1191 434 1234 469 Q,
1257 432 1317 463 erit
1331 432 1425 462 etiam
1439 431 1473 461 in
1487 430 1707 471 consequentia
1727 439 1868 470 respectu

1035 477 1073 512 P,
1098 476 1171 506 hinc
1185 485 1275 506 arcus
1300 475 1334 505 N
1351 474 1380 505 P
1404 474 1437 504 in
1461 474 1681 514 consequentia
1693 473 1797 503 minor
1810 475 1869 504 erit

1033 518 1252 555 semi-circulo,
1268 524 1401 558 utroque
1414 526 1488 557 ergo
1502 526 1576 546 oesu
1590 516 1726 558 angulus
1742 516 1776 548 N
1792 516 1822 547 T
1839 516 1868 547 P

1034 567 1080 592 est
1093 561 1252 600 positivus.

1077 604 1190 644 Itaque
1202 603 1229 633 si
1243 602 1378 643 angulus
1395 601 1426 632 A
1437 602 1467 633 T
1479 602 1513 632 N
1527 601 1591 632 sive
1607 602 1629 632 S
1645 601 1675 633 T
1686 601 1719 632 N
1732 601 1773 632 sit
1785 602 1867 641 posi-

1033 646 1126 683 tivus,
1147 645 1248 676 ubivis
1262 646 1302 676 sit
1318 645 1351 675 N
1365 645 1398 675 in
1413 643 1621 675 semi-circulo
1639 644 1670 674 A
1689 645 1723 680 Q
1737 645 1766 675 B
1789 650 1820 675 et
1841 645 1868 675 si

1033 686 1868 730 angulusSTNsitnegatimgseditautsitNin

1033 731 1204 772 quadrante
1227 740 1250 771 q
1265 730 1308 767 A,
1332 730 1459 771 quando
1475 729 1570 761 Luna
1593 729 1652 759 erit
1664 729 1764 768 posita
1782 729 1868 760 inter

1033 774 1154 806 nodum
1167 773 1320 804 utrumvis
1330 773 1360 804 N
1374 772 1423 804 vel
1435 782 1468 809 n,
1484 778 1515 803 et
1529 771 1748 813 quadraturam
1762 773 1868 811 proxi-

1033 827 1129 854 mam,
1152 826 1236 847 unus
1248 826 1267 846 e
1281 816 1379 846 tribua
1391 815 1515 856 angulis
1529 815 1683 845 duntaxat
1699 815 1758 844 erit
1772 825 1868 855 nega„

1033 860 1126 895 tivus,
1141 858 1206 890 duo
1218 857 1329 899 reliqui
1344 864 1437 888 erunt
1450 856 1580 896 positivi,
1594 856 1697 897 itaque
1711 866 1765 896 per
1783 857 1869 888 Arti-

1034 902 1142 933 culum
1157 905 1187 932 2.
1205 907 1308 931 motus
1321 900 1397 932 nodi
1410 910 1466 939 pro
1553 900 1621 929 'vus
1634 899 1701 929 erit·

1078 945 1242 975 Existente
1256 942 1329 974 vero
1342 943 1460 985 angulo
1477 943 1499 973 S
1515 942 1545 973 T
1561 942 1595 972 N
1610 941 1764 982 negativo,
1787 947 1819 972 et
1834 942 1868 972 N

1033 986 1067 1017 in
1081 986 1250 1027 quadrante
1263 996 1284 1027 q
1296 987 1325 1016 B
1340 986 1389 1016 vel
1403 996 1426 1015 n
1438 985 1473 1015 in
1486 984 1657 1025 quadrante
1671 985 1699 1015 B
1715 985 1757 1021 Q,
1774 984 1869 1014 Luna

1034 1029 1106 1060 vero
1115 1029 1212 1068 posita
1221 1029 1302 1059 inter
1311 1027 1466 1059 utrumvis
1480 1027 1599 1058 nodum
1610 1033 1641 1057 et
1648 1026 1868 1067 quadraturam

1033 1072 1216 1112 proximam,
1231 1071 1342 1112 reliqui
1363 1070 1428 1101 duo
1449 1069 1559 1111 anguli
1585 1070 1620 1105 Q
1633 1069 1664 1100 T
1682 1069 1718 1104 P,
1744 1070 1776 1100 N
1794 1070 1823 1100 T
1841 1070 1869 1100 P

1033 1114 1169 1155 negativi
1183 1120 1284 1151 erunt,
1307 1113 1404 1154 liquet
1418 1110 1607 1145 enimvsacile
1621 1118 1775 1151 punctum
1792 1112 1821 1142 P
1835 1113 1869 1144 in

1032 1155 1092 1187 hac
1103 1156 1262 1197 hypothesi
1272 1155 1383 1186 versari
1396 1155 1431 1185 in
1441 1154 1649 1185 semi-circulo
1657 1164 1679 1195 q
1692 1154 1720 1185 B
1737 1155 1769 1191 Q
1782 1153 1870 1185 ideo-

1032 1209 1094 1240 que
1108 1198 1262 1240 angulum
1279 1199 1314 1235 Q
1329 1198 1359 1229 T
1376 1198 1405 1228 P
1418 1208 1484 1228 esse
1497 1197 1676 1238 negativum
1689 1209 1699 1234 ;
1721 1203 1870 1236 praeterea

1032 1241 1109 1282 quia
1129 1251 1150 1281 q
1172 1247 1219 1271 est
1232 1241 1266 1271 in
1280 1239 1492 1271 antecedentia
1505 1245 1647 1278 respectu
1662 1239 1696 1269 N
1710 1249 1748 1269 ex
1770 1240 1869 1279 hypo-

1032 1283 1121 1319 thesi,
1141 1284 1169 1314 P
1182 1289 1228 1314 est
1238 1283 1332 1314 etiam
1345 1283 1379 1312 in
1393 1282 1606 1313 antecedentia
1619 1289 1760 1320 respectu
1778 1282 1820 1316 N.
1838 1288 1869 1313 et

1032 1326 1107 1367 quia
1121 1326 1154 1362 Q
1166 1331 1213 1356 est
1225 1326 1260 1356 in
1274 1325 1492 1366 consequentia
1502 1331 1643 1363 respectu
1657 1334 1688 1359 n,
1705 1324 1764 1355 erit
1775 1324 1869 1355 etiam

1036 1369 1066 1399 P
1080 1369 1113 1398 in
1127 1368 1347 1409 consequentia
1359 1373 1500 1407 respectu
1514 1377 1547 1404 n,
1569 1364 1703 1406 ideoque
1716 1374 1870 1406 punctum

1037 1411 1072 1442 N
1093 1410 1164 1450 plus
1177 1410 1387 1441 semi-circulo
1400 1420 1420 1440 a
1432 1409 1558 1448 puncto'
1567 1408 1597 1439 P
1610 1408 1743 1444 distabit,
1766 1409 1871 1449 itaque

1036 1454 1099 1483 sive
1113 1453 1153 1483 sit
1166 1453 1195 1484 P
1205 1453 1285 1484 inter
1299 1463 1319 1493 q
1333 1459 1365 1483 et
1380 1452 1423 1488 N,
1435 1451 1499 1482 sive
1509 1451 1590 1482 inter
1603 1461 1626 1480 n
1641 1457 1673 1481 et
1690 1451 1724 1486 Q
1735 1451 1770 1482 in
1778 1452 1870 1482 semi-

1035 1495 1153 1526 circulo
1177 1505 1198 1535 q
1215 1496 1254 1525 B·
1262 1495 1304 1532 Q,
1331 1501 1392 1525 tres
1416 1493 1526 1535 anguli
1539 1498 1632 1524 erunt
1644 1493 1791 1534 negativi,
1815 1495 1871 1525 sed

1034 1548 1090 1577 per
1101 1539 1170 1568 Art.
1181 1542 1210 1567 4.
1229 1548 1267 1568 eo
1281 1548 1370 1568 casus
1379 1543 1484 1567 motus
1495 1537 1569 1567 nodi
1584 1542 1629 1566 est
1643 1536 1869 1577 progressivus;

1036 1591 1111 1621 ergo
1125 1581 1159 1610 in
1174 1580 1260 1611 omni
1274 1590 1359 1617 casu,
1386 1579 1411 1609 si
1438 1579 1533 1610 Luna
1546 1579 1586 1609 sit
1599 1579 1681 1608 inter
1695 1578 1815 1610 nodum
1840 1586 1872 1611 et

1036 1622 1256 1664 quadraturam
1270 1622 1454 1663 proximam,
1470 1621 1544 1652 nodi
1559 1620 1810 1662 progrediuntur.

1125 2342 1167 2372 In
1195 2341 1340 2372 omnibus
1364 2341 1432 2371 aliis
1457 2340 1577 2372 casibus
1601 2346 1706 2370 motus
1729 2339 1804 2370 nodi
1826 2345 1873 2370 est

1081 2385 1288 2425 regressivusg
1312 2394 1385 2415 nam
1399 2383 1525 2425 quando
1546 2393 1655 2414 omnes
1668 2383 1778 2423 anguli
1799 2388 1874 2413 sunt

1081 2427 1213 2466 positivi,
1230 2427 1277 2458 vel
1291 2426 1417 2467 quando
1436 2427 1501 2457 duo
1514 2426 1624 2466 anguli
1638 2432 1711 2456 sunt
1726 2425 1871 2466 negativi,

1080 2475 1114 2500 et
1127 2470 1236 2500 tertius
1250 2470 1407 2509 positivus,
1421 2476 1526 2500 motus
1540 2468 1616 2499 nodi
1625 2468 1813 2509 regressivus
1827 2473 1874 2497 ost

1081 2522 1137 2550 per
1163 2513 1234 2543 Art.
1255 2516 1283 2543 1.
1302 2519 1333 2543 et
1346 2516 1390 2548 5.,
1416 2512 1601 2543 alterutrum
1623 2517 1729 2541 autem
1752 2509 1875 2541 evenire

1083 2564 1206 2586 necesse
1228 2561 1275 2586 est
1296 2555 1368 2585 cum
1395 2555 1425 2586 P
1448 2564 1514 2584 non
1535 2560 1583 2584 est
1606 2553 1686 2584 inter
1700 2552 1820 2583 nodum
1842 2558 1875 2582 et

1082 2598 1301 2638 quadraturam
1314 2597 1506 2637 proximam3
1526 2596 1683 2627 hocxenim
1698 2595 1807 2635 posito,
1823 2595 1872 2629 sit,

1082 2646 1119 2671 ut
1142 2641 1236 2680 prius,
1253 2640 1389 2682 angulus
1415 2640 1437 2670 S
1453 2639 1484 2670 T
1499 2639 1533 2669 N
1556 2638 1714 2678 positivus,
1738 2644 1770 2668 et
1793 2638 1824 2667 N
1839 2637 1874 2666 in

1082 2683 1253 2724 quadrante
1281 2685 1316 2720 Q
1337 2683 1368 2714 T
1385 2683 1424 2718 A,
1449 2687 1481 2712 et
1506 2681 1534 2712 P
1556 2680 1658 2711 ubivis
1678 2681 1760 2710 inter
1786 2679 1819 2710 N
1843 2685 1875 2709 et

1082 2727 1278 2757 remotiorem
1293 2725 1511 2767 quadraturam
1525 2733 1556 2764 q,
1570 2723 1621 2754 vel
1635 2723 1716 2753 inter
1737 2733 1759 2752 n
1781 2727 1813 2752 et
1826 2732 1874 2751 re.

1082 2769 1246 2800 motiorem
1376 2775 1479 2798 turam
1492 2767 1543 2803 Q;
1558 2765 1585 2796 si
1601 2766 1630 2796 P
1645 2766 1684 2796 sit
1697 2765 1779 2795 inter
1794 2765 1828 2795 N
1842 2770 1874 2794 et

1082 2822 1112 2852 q,
1127 2812 1263 2854 angulus
1274 2813 1307 2848 Q
1323 2812 1352 2842 T
1363 2811 1391 2842 P
1400 2816 1446 2841 est
1459 2809 1617 2848 positivus,
1626 2807 1779 2848 siquidem
1793 2807 1820 2837 P
1828 2813 1876 2837 ert

1084 2855 1116 2885 in
1129 2854 1341 2886 semi-circulo
1355 2855 1420 2890 QA
1428 2864 1457 2894 q,
1468 2858 1499 2882 et
1510 2850 1583 2892 quia
1597 2851 1629 2881 N
1640 2857 1687 2881 est
1698 2860 1783 2880 nuuc
1794 2849 1876 2880 inter

1085 2898 1115 2928 P
1136 2903 1168 2928 et
1191 2898 1231 2934 Q,
1252 2904 1284 2928 et
1299 2897 1330 2927 N
1345 2896 1434 2927 estin
1447 2893 1814 2934 consequentiarespecm
1831 2892 1874 2927 Q,

1084 2940 1143 2971 erit
1159 2940 1188 2971 P
1200 2941 1235 2970 in
1249 2937 1467 2980 consequentia
1480 2942 1621 2976 respectu
1638 2936 1671 2966 N
1685 2945 1760 2976 ergo
1774 2945 1876 2975 angu-

1086 2983 1138 3014 lus
1153 2983 1186 3014 N
1198 2983 1229 3014 T
1241 2983 1270 3014 P
1280 2988 1326 3013 est
1339 2980 1503 3020 positivus3
1518 2979 1544 3009 si
1563 2978 1591 3009 P
1602 2979 1644 3009 sit
1656 2978 1738 3008 inter
1751 2988 1773 3008 n
1784 2983 1816 3008 et
1833 2977 1875 3012 Q.

1082 3026 1218 3068 angulus
1242 3026 1274 3061 Q
1290 3025 1319 3055 T
1335 3024 1364 3054 P
1378 3030 1424 3053 est
1444 3021 1615 3063 negativus,
1638 3020 1693 3052 sed
1713 3027 1745 3051 et
1765 3020 1878 3059 pariter

166 3070 326 3112 sequentia
338 3077 478 3111 respectu
501 3071 545 3108 N,
569 3081 644 3112 ergo
660 3071 690 3102 P
704 3071 787 3112 quod
806 3077 852 3102 est
865 3071 946 3102 inter
967 3071 1001 3102 N
1046 3070 1181 3110 angulus
1197 3069 1229 3099 N
1241 3069 1270 3098 T
1282 3068 1319 3102 P,
1336 3076 1410 3096 nam
1425 3064 1500 3095 cum
1517 3064 1545 3095 P
1559 3063 1646 3094 sitin
1660 3061 1878 3102 consequentia

167 3121 199 3144 et
212 3124 233 3155 q
246 3120 294 3145 est
306 3115 399 3145 etiam
413 3114 448 3144 in
461 3114 679 3154 consequentia
692 3121 832 3154 respectu
849 3115 882 3145 N
893 3126 904 3153 ;
927 3113 966 3145 sit
980 3124 1003 3143 ιι
1045 3118 1187 3152 respectu
1198 3121 1230 3149 n,
1241 3110 1312 3151 plus
1321 3107 1530 3141 semi-circulo
1540 3117 1560 3138 a
1570 3112 1687 3147 puncto
1697 3106 1729 3137 N
1741 3104 1875 3136 distabit.

995 3169 1057 3200 C2
