2072 3522
232 303 286 340 28

278 410 373 439 Casus
399 410 428 437 1.
476 406 545 437 Sint.
567 406 600 442 Q
616 406 646 437 T
662 406 691 437 P
711 411 745 436 et
767 406 800 436 N
817 406 846 436 T
865 405 893 436 P
919 405 1063 446 negativi,

233 449 317 480 solus
342 451 363 480 S
380 450 408 480 T
427 449 455 480 N
479 450 519 479 sit
539 448 698 488 positivus,
719 448 813 478 distet
837 448 865 478 P
887 458 905 478 a
926 448 1009 478 nodo
1032 448 1066 478 N

234 489 337 522 minus
352 492 448 522 tribus
462 491 693 531 quadrantibus,
709 491 771 521 sive
780 490 886 521 minus
897 490 1067 530 quadrante

232 546 252 565 a
266 540 382 574 puncto
397 544 428 571 n,
451 533 545 574 idque
566 533 599 563 in
621 533 848 573 consequentia,
872 532 1067 572 retroprodu-

234 577 340 608 cendae
355 581 446 607 erunt
460 576 550 607 lineae
567 575 595 606 P
619 576 668 612 M,
689 576 716 606 P
737 576 777 612 L,
803 582 840 606 ut
863 574 891 605 P
915 575 952 606 M
978 574 1067 605 lineae

233 619 386 650 nodorum
399 625 540 649 occurrat
562 618 594 648 in
620 628 663 655 m,
690 623 721 648 et
746 618 774 648 L
792 618 820 648 P
844 617 878 648 in
905 616 914 647 l
937 617 1067 647 vicinius

237 662 311 698 soli,
322 661 396 691 hinc
408 662 438 691 A
450 661 480 692 Τ
491 661 503 691 1
513 661 616 691 minor
626 660 684 691 erit
697 660 728 690 A
744 660 774 691 T
785 670 815 690 m
826 667 858 691 et
868 659 938 690 ideo
954 662 981 690 A
994 660 1024 690 T
1037 660 1063 688 V

233 705 332 744 major
345 702 440 744 qutim
459 703 488 734 A
506 703 536 734 T
553 703 594 738 N,
618 702 671 733 sed
687 708 839 741 punctum
856 703 888 733 N
903 708 949 733 est
962 702 996 732 in
1010 712 1067 732 an-

233 746 405 777 tecedentia
418 751 558 784 respectu
575 745 683 784 puncti
701 746 742 778 A.
766 755 841 786 ergo
858 746 888 775 V
903 744 996 775 estin
1011 755 1066 774 an-

234 788 405 820 tecedentia
418 794 558 828 respectu
573 788 681 828 puncti
698 788 740 826 N,
757 798 831 829 ergo
845 787 948 818 nodus
962 797 1067 828 regre-

236 1715 341 1754 ditur;
364 1714 456 1746 distet
479 1714 508 1745 P
529 1714 568 1744 ab
591 1713 625 1744 N
638 1713 709 1753 plus
724 1714 822 1745 tribus
835 1713 1066 1754 quadrantibus,

236 1764 409 1789 antron-sum
423 1756 630 1797 producendae
644 1763 718 1787 sunt
732 1757 822 1787 lineae
841 1757 868 1786 P
882 1757 930 1793 M,
950 1757 978 1787 P
989 1756 1018 1786 L
1034 1762 1071 1787 ut

235 1806 398 1832 occurrant
418 1800 508 1830 lineae
523 1798 675 1829 nodorum
698 1805 729 1830 et
753 1799 766 1830 1
790 1799 926 1829 manebit
951 1809 970 1829 a
998 1799 1070 1829 Sole

235 1843 383 1873 remotius
397 1840 492 1882 quam
507 1851 550 1878 m,
572 1847 604 1871 et
617 1842 751 1882 angulus
777 1844 806 1872 A
825 1843 854 1872 T
869 1841 878 1870 i
901 1841 1000 1883 major
1014 1841 1071 1871 erit

235 1885 352 1925 angulo
371 1885 400 1915 A
417 1884 446 1915 T
462 1884 505 1921 N,
521 1883 693 1923 regreditur
706 1894 780 1925 ergo
795 1884 904 1914 nodus.

280 1930 346 1959 Cas.
373 1931 402 1957 2.
451 1926 519 1957 Sint
545 1927 578 1961 Q
600 1926 630 1956 T
653 1926 682 1956 P
707 1933 738 1956 et
763 1927 785 1957 S
801 1927 830 1957 T
847 1927 879 1956 N

236 1969 380 2010 negativi,
396 1968 480 1999 solus
494 1966 566 1998 vero
582 1968 615 1998 N
632 1968 661 1999 T
679 1969 707 1999 P
720 1968 878 2008 positivus,

236 2012 276 2042 sit
292 2012 324 2042 N
339 2012 367 2042 P
377 2012 479 2042 minor
489 2009 879 2051 quadrante‚retroproduc-

236 2055 275 2084 tis
289 2054 387 2089 lineis,
403 2053 475 2084 cum
497 2053 526 2083 L
545 2053 585 2082 sit
598 2055 746 2084 remotius
766 2065 785 2084 a
809 2053 881 2084 Sole

235 2094 330 2136 quam
347 2096 395 2129 M.
419 2096 477 2126 erit
498 2095 507 2125 l
530 2096 569 2125 ob
585 2094 828 2127 decussationem
843 2096 881 2126 li-

236 2148 365 2169 nearum
376 2137 502 2177 propius
515 2137 580 2167 Soli
594 2143 625 2168 et
635 2138 771 2178 angulus
785 2142 814 2169 A
829 2139 858 2170 T
869 2138 882 2168 1

236 2181 299 2210 sive
317 2181 353 2219 ‚A
378 2181 408 2211 T
431 2180 461 2210 V
484 2180 586 2210 minor
599 2181 717 2221 angulo
741 2181 772 2211 A
790 2182 820 2212 T
837 2182 879 2216 N,

236 2223 290 2253 sed
313 2224 388 2263 quia
408 2221 458 2253 hic
484 2222 619 2263 angulus
644 2228 690 2252 est
711 2223 880 2263 negativuS,

237 2265 462 2304 complementa
480 2264 520 2294 ad
534 2271 666 2305 quatuor
680 2272 777 2295 rectos
792 2271 884 2296 erunt
938 2288 947 2301 ,

238 2307 397 2343 sumenda,
409 2313 439 2337 et
447 2317 535 2337 arcus
547 2307 577 2337 A
589 2308 622 2343 Ω
634 2307 662 2337 P
671 2307 701 2338 V
713 2308 812 2348 major
826 2309 884 2339 erit
927 2310 936 2315 '

236 2359 309 2379 arcu
325 2351 354 2379 A
366 2350 399 2385 Q
412 2350 437 2379 P
447 2350 489 2386 N,
502 2359 576 2390 ergo
587 2349 688 2379 nodus
698 2350 879 2390 regreditur.

282 2391 328 2421 Sit
355 2392 387 2422 N
412 2391 440 2421 P
465 2392 563 2431 major
586 2391 766 2432 quadrante,
793 2392 883 2423 lineis

239 2433 268 2464 P
284 2434 333 2471 M,
353 2434 380 2464 P
397 2434 426 2464 L
441 2434 597 2473 productis
611 2441 773 2466 occurrent
786 2435 882 2474 eclip-

236 2476 305 2506 ticae
319 2487 338 2506 a
352 2483 438 2516 parte
451 2477 560 2514 puncti
581 2486 611 2512 n,
636 2482 668 2507 et
681 2483 805 2517 propter
824 2487 881 2508 ane-

238 2518 350 2559 gulum
376 2519 409 2554 Q
424 2519 453 2549 T
472 2518 499 2548 P
520 2519 699 2560 negativum
713 2519 787 2550 cum
801 2520 829 2550 P
842 2519 882 2550 sit

235 2560 270 2590 in
284 2560 491 2592 semi-circulo
511 2571 531 2601 q
547 2562 574 2591 B
593 2562 625 2597 Ω
645 2561 702 2592 erit
722 2562 734 2592 l
757 2568 791 2593 ut
805 2568 835 2592 et
851 2562 881 2593 L

236 2604 385 2634 remotius
405 2613 424 2634 a
447 2603 518 2633 Sole
532 2602 626 2644 quam
646 2613 679 2633 ιιι
694 2610 725 2634 et
739 2605 788 2642 M,
811 2603 882 2635 ideo

236 2646 371 2686 angulus
397 2646 428 2676 A
455 2646 485 2676 T
511 2655 532 2675 n
561 2646 663 2677 minor
691 2653 738 2677 est
764 2647 882 2687 angulo

239 2690 269 2717 A
288 2688 318 2718 T
334 2687 344 2717 i
365 2694 396 2719 et
416 2688 678 2727 complementum
694 2689 802 2728 prioris
822 2699 878 2719 an-

236 2729 304 2770 guli
323 2731 352 2760 A
367 2731 397 2762 T
413 2731 445 2761 N
460 2731 558 2771 major
572 2737 618 2761 est
631 2731 748 2772 angulo
765 2731 796 2763 A
810 2731 839 2762 T
850 2733 890 2771 V,
907 2733 960 2765 sed
978 2735 1007 2765 A
1024 2741 1070 2766 est

236 2773 270 2801 iu
285 2772 496 2804 antecedentia
510 2781 650 2812 respectu
664 2774 770 2813 puncti
786 2774 830 2811 N,
845 2786 920 2818 ergo
933 2777 1024 2807 etiam
1038 2778 1070 2808 V

237 2820 283 2844 est
297 2814 330 2844 in
345 2815 558 2846 antecedentia
565 2821 705 2855 respectu
716 2817 825 2855 puncti
838 2818 881 2856 N,
896 2819 1070 2860 regreditur

237 2865 312 2897 ergo
326 2857 436 2888 nodus.
1014 2872 1016 2875 ·

283 2901 350 2930 Cas.
366 2904 396 2930 3.
438 2899 506 2931 Sint
520 2900 541 2932 S
553 2901 582 2932 T
592 2901 625 2931 N
636 2906 667 2932 et
680 2901 713 2938 N
725 2901 755 2932 T
767 2901 795 2932 P
804 2902 947 2943 negativi,
964 2904 1068 2940 QTP

237 2939 311 2970 vero
333 2941 488 2980 positivus,
516 2949 670 2983 punctum
693 2943 722 2974 L
747 2950 794 2974 est
818 2945 918 2975 ubivis
943 2947 1068 2986 propius

240 2982 306 3013 Soli
320 2983 414 3023 quam
438 2984 487 3022 M,
510 2985 536 3014 si
560 2986 588 3016 P
609 2986 714 3016 minus
733 2985 831 3018 trihus
851 2987 1072 3028 quadrantibus

239 3024 332 3056 distet
346 3027 384 3056 ab
404 3027 444 3061 N,
462 3028 751 3067 retroproducendae
771 3035 845 3060 sunt
866 3030 956 3060 lineae
976 3031 1004 3062 P
1021 3032 1070 3069 M,

241 3066 271 3098 P
287 3067 327 3104 L,
342 3078 361 3098 a
374 3074 460 3107 parte
474 3070 580 3107 puncti
596 3081 617 3100 n
633 3077 663 3100 et
678 3071 735 3101 erit
754 3071 780 3101 A
797 3071 847 3102 Τ]
862 3073 961 3113 majus
976 3074 1070 3114 quam

242 3110 274 3141 A
292 3110 322 3140 T
336 3119 366 3148 n,
390 3110 444 3141 aed
458 3111 531 3151 quia
548 3112 570 3143 S
587 3113 616 3143 T
633 3113 665 3143 N
679 3119 726 3145 eat
740 3114 912 3155 negativus,
935 3125 956 3145 ιι
977 3122 1023 3147 est
1037 3116 1070 3147 in

633 290 1087 336 PHILOSOPHIAE
1118 289 1481 333 NATURALIS
1514 290 1608 343 [Dr.
1630 289 1793 332 Munn.
1818 290 1941 333 Sira-r.

1107 403 1314 435 semi-circulo
1327 403 1475 443 superiori
1493 404 1520 434 A
1543 405 1577 440 Ω
1591 405 1632 442 Β,
1654 411 1686 436 et
1706 415 1727 436 n
1749 405 1843 437 estin
1857 410 1945 437 ante-

1108 447 1249 477 cedentia
1262 453 1403 485 respectu
1422 447 1462 482 A,
1479 444 1610 487 ideoque
1625 447 1636 477 1
1651 454 1697 478 est
1710 448 1744 478 in
1759 447 1944 479 anteceden-

1108 490 1152 520 tia
1165 495 1304 528 respectu
1318 499 1350 525 n,
1368 494 1403 519 ut
1417 488 1509 518 etiam
1524 489 1702 528 Vrespectu
1715 491 1758 527 N,
1771 490 1944 531 regreditur

1109 542 1184 572 ergo
1199 530 1309 568 nodus,
1333 530 1373 560 sit
1389 531 1422 561 N
1440 531 1467 561 P
1489 531 1586 562 tribus
1599 532 1820 571 quadrantibus
1834 533 1943 574 major,

1109 574 1200 605 lineae
1219 574 1246 604 P
1264 574 1312 610 Μ,
1333 573 1360 603 P
1376 573 1405 603 L
1420 579 1593 603 antrorsum
1609 581 1682 604 sunt
1695 574 1910 614 producendae,
1931 574 1944 605 1

1109 617 1167 647 erit
1182 615 1306 655 propius
1324 615 1387 645 Soli
1401 615 1496 656 quiim
1510 625 1553 652 m,
1570 621 1601 646 et
1619 616 1648 646 A
1666 617 1696 647 T
1711 616 1720 646 1
1735 617 1800 648 sive
1818 618 1848 648 A
1865 617 1896 648 Τ
1913 617 1946 648 V

1108 659 1210 689 minor
1224 656 1320 697 quam
1337 658 1368 687 A
1386 658 1415 689 T
1432 659 1473 692 N.
1490 658 1545 688 sed
1558 658 1632 698 quia
1649 658 1678 689 A
1697 659 1726 691 T
1742 659 1775 690 N
1789 665 1836 690 est
1849 669 1943 700 nega-

1108 702 1198 735 tivus,
1226 699 1358 740 ideoque
1385 700 1415 730 A
1441 706 1487 730 est
1511 700 1544 729 in
1570 699 1782 732 antecedentia
1803 708 1944 741 respectu

1109 743 1217 783 puncti
1233 743 1276 778 N,
1299 742 1357 772 erit
1371 742 1464 772 etiam
1482 743 1511 772 V
1526 742 1559 772 in
1574 743 1784 775 anteoedentia
1805 749 1945 788 respectu

1110 786 1218 828 puncti
1235 786 1276 822 N,
1292 785 1464 826 regreditur
1477 795 1551 826 ergo
1566 785 1676 816 nodus.

1345 829 1416 858 Art.
1446 831 1476 857 4.
1525 826 1558 858 si
1581 834 1642 857 tres
1663 827 1771 868 anguli
1797 828 1831 864 Ω
1851 828 1881 859 Τ
1905 828 1945 866 P,

1238 897 1241 899 .
1302 869 1335 900 N
1353 870 1383 900 T
1399 870 1436 905 P,
1463 870 1484 900 s
1501 870 1530 900 T
1547 870 1578 900 N
1599 869 1661 900 sint
1675 870 1820 911 negativi,
1841 877 1946 901 motus
1993 860 2003 871 ‘

1301 921 1340 942 ex
1370 911 1538 952 regressivo
1565 913 1774 952 progressivus
1801 912 1872 950 fiet3
1909 918 1947 944 ut

1301 955 1479 994 hypothesis
1515 954 1610 995 hujus
1645 954 1766 985 articuli
1801 954 1946 992 obtineat,

1301 1003 1421 1036 oportet
1434 1003 1471 1027 ut
1484 997 1585 1027 nodus
1609 997 1639 1027 N
1663 1004 1693 1027 et
1709 997 1802 1028 Luna
1819 997 1848 1028 P
1861 997 1948 1028 sitin

1302 1039 1472 1079 quadrante
1497 1050 1516 1080 q
1544 1039 1594 1076 B;
1618 1049 1692 1069 nam
1714 1039 1786 1070 cum
1812 1039 1948 1080 angulus

1305 1082 1339 1117 Ω
1354 1082 1383 1112 Τ
1407 1081 1435 1112 Ρ
1460 1082 1499 1112 sit
1521 1082 1691 1122 negativus,
1719 1082 1748 1112 P
1770 1082 1861 1113 debet
1883 1092 1949 1112 esse

1301 1123 1335 1153 in
1350 1124 1557 1154 semi—circulo
1574 1135 1593 1164 q
1621 1125 1647 1154 13
1667 1125 1720 1162 Ως
1743 1123 1817 1155 cum
1841 1124 1948 1155 STN

1302 1166 1342 1196 sit
1362 1167 1531 1206 negativus,
1557 1167 1589 1196 N
1611 1165 1701 1197 debet
1716 1177 1781 1197 esse
1801 1167 1834 1196 in
1856 1166 1948 1197 semi·

1302 1207 1418 1238 circulo
1443 1209 1474 1238 A
1495 1219 1515 1249 q
1540 1209 1579 1246 B,
1605 1215 1636 1238 et
1659 1207 1732 1239 cum
1758 1209 1788 1239 N
1812 1209 1842 1240 T
1859 1209 1888 1240 P
1909 1209 1950 1240 sit

1302 1251 1473 1291 negativus,
1492 1251 1525 1281 N
1540 1250 1630 1282 debet
1639 1261 1704 1282 esse
1714 1251 1747 1281 in
1759 1261 1950 1292 consequen-

1302 1292 1347 1323 tia
1370 1299 1511 1332 respectu
1528 1293 1574 1331 P;
1597 1303 1682 1334 ergo,
1711 1294 1743 1324 N
1765 1303 1828 1323 non
1851 1299 1951 1332 potest

1303 1335 1418 1365 versari
1445 1335 1478 1365 in
1507 1335 1678 1376 quadrante
1710 1336 1740 1366 A
1770 1346 1800 1376 q.
1831 1346 1889 1366 nec
1920 1335 1950 1367 P

1303 1377 1338 1407 in
1358 1377 1528 1417 quadrante
1555 1378 1584 1408 B
1603 1379 1654 1414 Q:
1679 1385 1853 1408 antrorsum
1875 1387 1950 1419 ergo

1303 1425 1396 1450 erunt
1409 1420 1623 1459 *producendae
1641 1420 1730 1450 lineae
1754 1420 1783 1452 P
1799 1421 1848 1456 M,
1874 1420 1904 1451 P
1918 1421 1950 1451 L

1303 1467 1340 1491 ut
1365 1461 1514 1501 eclipticae
1538 1468 1708 1500 occurrant,
1730 1462 1789 1494 erit
1813 1463 1826 1493 l
1848 1472 1951 1493 remo-

1304 1503 1366 1534 tius
1380 1514 1398 1534 a
1415 1504 1485 1534 Sole
1496 1504 1588 1544 quarn
1601 1515 1642 1539 m,
1657 1511 1689 1535 et
1703 1505 1839 1545 angulus
1851 1505 1950 1536 ATV

1304 1546 1404 1586 major
1417 1546 1533 1587 angulo
1559 1547 1588 1577 A
1602 1547 1632 1578 T
1647 1547 1689 1582 N,
1710 1547 1765 1578 sed
1778 1547 1830 1578 hic
1849 1557 1951 1588 angu-

1302 1588 1353 1618 lus
1367 1595 1413 1618 est
1427 1589 1598 1629 negativus,
1621 1590 1685 1620 sive
1698 1596 1745 1620 est
1767 1589 1799 1620 N
1820 1589 1854 1620 in
1875 1599 1951 1620 oon-

1302 1631 1461 1670 flequentia
1474 1637 1614 1670 respectu
1631 1631 1673 1669 A,
1696 1632 1754 1662 erit
1768 1641 1843 1673 ergo
1857 1631 1952 1663 etiam

1304 1672 1336 1702 V
1364 1672 1398 1702 in
1426 1674 1644 1714 consequentia
1671 1681 1813 1714 respectu
1841 1674 1952 1714 puncti

1113 1713 1157 1751 N,
1175 1713 1275 1744 nodus
1289 1714 1394 1755 itaque
1409 1716 1614 1756 progreditur.

1158 1756 1221 1786 His
1235 1756 1342 1796 positis
1356 1756 1436 1795 dico,
1457 1758 1542 1798 quod
1557 1764 1662 1789 motus
1682 1758 1757 1788 nodi
1779 1759 1951 1800 progressi-

1113 1807 1170 1828 vus
1190 1799 1293 1829 evadit
1306 1799 1383 1829 dum
1400 1799 1494 1830 Luna
1514 1806 1652 1831 versatur
1666 1801 1747 1830 inter
1767 1801 1952 1833 alterutrum

1114 1840 1233 1871 nodum
1256 1847 1289 1871 et
1312 1841 1531 1882 quadraturam
1551 1842 1611 1884 ipsi
1631 1843 1827 1882 proximam;
1849 1845 1950 1884 quad-

1113 1889 1250 1914 raturam
1278 1883 1362 1915 nodo
1389 1884 1563 1924 proximam
1591 1892 1681 1917 vocat
1710 1886 1894 1924 Newtouus,
1923 1886 1951 1918 si

1111 2736 1307 2777 quadri-ture
1329 2746 1349 2768 a
1369 2735 1453 2768 nodo
1479 2735 1625 2770 distantia
1651 2738 1821 2780 quadrante
1845 2737 1946 2780 major

1112 2789 1176 2810 non
1190 2779 1239 2810 sit„
1868 2782 1871 2787 ’

1158 2821 1205 2852 Sit
1219 2821 1303 2853 enim
1316 2820 1451 2862 angulus
1466 2826 1498 2853 A
1515 2822 1546 2853 T
1561 2823 1593 2853 N
1615 2823 1774 2863 positivus,
1796 2823 1945 2864 quoniam

1113 2863 1208 2895 Luna
1222 2864 1285 2895 sive
1299 2870 1450 2904 punctum
1474 2864 1503 2895 P
1524 2870 1570 2896 est
1584 2866 1664 2897 inter
1678 2873 1794 2906 puncta
1818 2866 1853 2903 Ω
1864 2871 1896 2897 et
1911 2865 1946 2896 N

1110 2905 1158 2937 vel
1184 2917 1204 2947 q
1227 2913 1258 2937 et
1282 2916 1304 2936 n
1329 2916 1367 2937 ex
1392 2906 1563 2946 hypothesi,
1588 2908 1735 2939 alteruter
1757 2918 1795 2940 ex
1819 2907 1947 2949 anguli·

1114 2948 1148 2984 Ω
1163 2949 1192 2979 Τ
1208 2948 1246 2984 P,
1272 2948 1305 2980 N
1321 2948 1351 2979 T
1369 2948 1396 2980 P
1417 2949 1474 2980 erit
1488 2949 1643 2989 positivus,
1666 2951 1742 2983 alter
1763 2949 1944 2992 negativum

1115 3000 1188 3021 nam
1202 2990 1241 3021 sit
1256 2990 1288 3022 N
1303 2990 1352 3021 vel
1365 3000 1388 3021 ιι
1402 2990 1435 3021 in
1443 2991 1651 3023 semi-circuio
1666 2994 1700 3030 Q
1710 2994 1739 3024 B
1749 3003 1781 3034 q,
1792 2998 1861 3024 tum
1892 2992 1947 3023 uin

1117 3032 1146 3063 P
1161 3033 1301 3064 estititer
1317 3032 1491 3074 Qvelqet
1508 3034 1539 3064 N
1554 3034 1603 3065 vel
1617 3045 1648 3073 n,
1672 3035 1730 3067 erit
1746 3034 1852 3066 Pine
1891 3043 1946 3071 ⁴em

1112 3075 1320 3106 semi-cirtulo
1344 3075 1378 3112 Q
1399 3076 1428 3109 Β
1449 3086 1480 3116 q.
1505 3075 1643 3117 ἰάεόῳιε.
1661 3077 1798 3119 angulus
1821 3077 1855 3114 Q
1870 3077 1900 3111 Τ
1916 3075 1947 3108 1²

1113 3117 1172 3148 erit
1185 3118 1356 3160 negativuS,
1369 3117 1423 3150 sed
1433 3117 1569 3160 angulus
1585 3119 1617 3150 N
1631 3115 1661 3152 T
1675 3120 1703 3152 P
1716 3119 1774 3152 erit
1784 3119 1947 3160 positivus,
