2072 3522
275 274 355 312 164·
674 265 1128 310 PHILOSOPHIAE
1159 254 1520 308 NATURALIS
1569 265 1664 318 [nn
1679 257 1980 308 Munus'rem.

268 383 439 426 retinuit
451 381 628 439 'quidem
645 382 784 423 locum
802 381 1011 422 nodorum
1029 379 1073 420 in
1093 387 1136 414 93
1157 385 1199 420 et·
1212 368 1261 421 Β*
1285 382 1354 420 1⁸³.
1377 379 1457 420 53'.
1479 384 1522 419 et
1539 377 1846 420 inclinationem
1868 377 1983 432 plani

266 455 415 497 orbitae
445 453 760 508 ad·eclipticam
790 457 892 495 618‘.
915 452 1022 505 205.
1053 458 1101 492 ut
1119 457 1161 492 et
1179 457 1341 505 tempus
1369 447 1558 504 perihelii
1585 456 1757 490 cometae
1777 447 1980 491 Decemb.

269 525 327 569 8⁸¹.
350 524 408 567 0¹¹.
430 526 472 566 4'
487 540 498 566 ε
528 521 890 566 distantiamverb
918 520 1109 578 perihelii
1136 536 1162 563 a
1189 521 1302 562 nodo
1328 520 1575 562 ascendente
1593 521 1635 562 in
1656 519 1789 563 orbiti}
1810 527 1981 562 cometae

267 603 548 638 mensuratam
567 594 723 636 invenit
741 609 830 635 esse
851 597 920 636 9⁸³.
943 594 1025 635 20‘.
1047 600 1088 634 et
1106 592 1213 634 latus
1232 579 1393 634 {ectum
1410 590 1621 648 parabolae
1640 605 1728 633 esse
1745 596 1858 634 2430
1885 605 1981 646 par-

259 668 386 720 ·tium,
406 667 609 710 existente
629 665 828 707 mediocri
851 664 959 707 Solis
979 679 1005 706 a
1026 663 1161 706 Terra
1183 663 1375 706 distantia
1398 664 1578 719 partium
1610 669 1790 706 100000.
1851 662 1908 705 Et
1926 677 1980 704 ex

679 755 684 773 i

266 795 492 838 magnitudine.
562 797 717 827 Praeterea
744 795 836 826 datur
864 793 960 825 etiam
991 794 1025 825 D
1058 795 1100 832 A,
1150 805 1207 826 axe
1218 794 1377 836 principali
1389 794 1549 836 cognitum
1561 800 1616 833 est,
1628 793 1901 835 dabiturquerecta
1913 793 1936 824 S
1948 793 1980 824 A

265 838 361 880 quare
382 845 455 870 nota
476 845 522 870 est
542 839 620 869 ratio
641 839 722 869 inter
745 838 766 868 S
784 838 815 867 A
830 842 861 867 et
877 837 909 867 A
927 837 969 873 D,
992 836 1026 867 id
1045 845 1102 875 est,
1149 844 1213 869 tam
1228 838 1379 877 positione
1393 838 1487 878 quam
1501 837 1725 879 magnitudine.
1740 850 1743 851 ⁷
1772 836 1847 868 Jam
1861 834 1933 866 vero
1947 835 1982 865 in

264 882 344 913 inter
364 881 486 913 radium
507 887 540 913 et
560 881 665 913 sinum
689 885 809 912 rectum
833 879 942 922 auguli
967 879 999 911 A
1017 879 1039 911 S
1055 880 1100 918 D,
1148 887 1281 922 utroque
1305 889 1379 911 casu
1402 890 1441 910 ex
1463 882 1493 911 A
1508 880 1548 911 ad
1567 879 1721 910 nodorum
1741 878 1856 909 lineam
1879 878 1920 918 29
1937 881 1978 920 εὶ

1145 922 1502 1003 ῗέἕέῗὲἓῖῗὲἒὲῗὲ
1511 921 1982 1010 ἕὲἒίῑῗῖωἶζιὶἒμΐέἑῖξῗί

1146 1013 1231 1038 tatur
1244 1007 1499 1047 perpendiculum
1514 1007 1617 1038 eidem
1630 1013 1721 1038 rectae
1729 1017 1894 1038 occurrens
1906 1007 1939 1037 in
1950 1017 1979 1044 a,

1142 1050 1377 1091 jungamurque
1392 1061 1411 1080 a
1427 1051 1470 1087 N,
1485 1060 1504 1080 a
1521 1050 1552 1087 S,
1567 1049 1626 1080 erit
1639 1049 1776 1091 angulus
1792 1050 1823 1080 A
1841 1049 1875 1080 N
1888 1060 1916 1087 a,
1931 1049 1981 1079 in-

1147 1093 1272 1123 clinatio
1286 1093 1371 1132 plani
1385 1093 1565 1133 trajectoriae
1579 1092 1620 1123 ad
1638 1093 1771 1132 planum
1783 1091 1931 1131 ecliptica!
1943 1102 1980 1123 ac

1147 1135 1276 1175 proinde
1290 1135 1434 1176 cognitus
1455 1134 1560 1177 (146).
1609 1135 1735 1166 Deinde
1749 1135 1896 1176 quoniam
1915 1134 1982 1166 noti

1147 1184 1222 1208 sunt
1239 1178 1349 1219 anguli
1371 1178 1403 1208 V
1420 1178 1442 1208 S
1459 1178 1500 1215 A,
1528 1177 1560 1208 V
1577 1178 1599 1208 S
1615 1178 1658 1215 N,
1680 1184 1774 1209 notus
1787 1175 1910 1218 quoque
1923 1177 1982 1208 erit

1147 1220 1283 1262 angulus
1306 1221 1339 1251 N
1357 1220 1379 1250 S
1397 1221 1437 1257 A,
1458 1221 1569 1251 horum
1592 1230 1715 1251 summa
1732 1221 1781 1251 vel
1794 1220 1977 1251 differentia.

1185 1262 1258 1293 uate
1282 1262 1316 1292 in
1338 1262 1495 1304 triangulo
1519 1262 1701 1303 rectangulo
1731 1263 1762 1293 N
1787 1273 1807 1294 a
1832 1263 1875 1300 A,
1901 1261 1981 1293 datis

1147 1305 1178 1336 la
1208 1315 1242 1337 re
1258 1306 1290 1336 N
1306 1306 1349 1343 A,
1370 1312 1402 1336 et
1415 1305 1533 1346 angulo
1557 1306 1588 1336 A
1604 1305 1638 1336 N
1652 1315 1682 1343 a,
1703 1305 1895 1337 innotescent
1909 1304 1978 1335 reli-

1147 1358 1210 1388 qua
1229 1347 1325 1379 latera
1347 1348 1381 1379 N
1401 1358 1420 1378 a
1437 1354 1468 1379 et
1486 1350 1515 1378 A
1531 1358 1560 1379 a.
1607 1347 1762 1379 Praeterea
1775 1348 1815 1378 in.
1823 1347 1980 1388 triangulo

1146 1391 1327 1432 rectangulo
1354 1391 1376 1422 S
1392 1391 1425 1421 N
1439 1401 1467 1426 a,
1492 1390 1607 1421 dantur
1629 1390 1725 1422 latera
1751 1391 1773 1422 S
1796 1391 1830 1422 N
1852 1395 1884 1420 et
1911 1390 1943 1420 N
1961 1399 1981 1420 a

1144 1431 1277 1474 ideoque
1291 1434 1448 1464 dabuntur
1466 1432 1549 1464 latus
1571 1433 1594 1464 S
1608 1443 1634 1469 a.
1657 1439 1690 1464 et
1703 1432 1839 1474 angulus
1862 1432 1895 1463 N
1912 1433 1934 1464 S
1948 1442 1976 1463 a.

1148 1476 1211 1507 Sed
1225 1477 1332 1518 (145.)
1347 1475 1440 1507 datur
1453 1475 1565 1515 positio
1578 1481 1670 1507 rectae
1693 1476 1715 1507 S
1731 1476 1776 1513 N,
1797 1484 1893 1516 quare
1906 1481 1982 1506 nota

1144 1519 1203 1549 erit
1216 1518 1328 1558 positio
1341 1524 1432 1555 tectae
1451 1519 1473 1550 S
1486 1529 1515 1556 a,
1529 1518 1589 1549 hoc
1603 1524 1659 1555 αα,
1674 1524 1802 1549 cometae
1816 1517 1981 1558 longitudo

1143 1561 1370 1598 heliocentrica,
1392 1561 1456 1592 sive
1476 1561 1564 1592 locus
1585 1566 1715 1592 cometoe
1731 1559 1978 1598 heliocentricus,

1143 1603 1185 1635 ad
1204 1604 1376 1643 eclipticam
1393 1603 1550 1635 reductus.
1598 1603 1746 1645 Denique
1769 1603 1804 1634 in
1822 1602 1980 1644 triangulo

259 1658 354 1690 quem
370 1649 485 1681 scilicet
502 1649 524 1681 S
542 1648 573 1680 A
587 1658 661 1680 cum
676 1658 733 1681 axe
746 1648 985 1689 comprehendit,
1009 1647 1098 1682 ide6-
1146 1647 1169 1678 S
1186 1647 1218 1678 A
1232 1657 1252 1677 a
1265 1645 1447 1687 reetangulb
1467 1646 1508 1677 ad
1521 1657 1550 1683 a,
1564 1651 1639 1677 nota
1659 1652 1732 1677 sunt
1752 1645 1858 1691 omnia
1873 1644 1978 1683 latera,

261 1702 323 1732 que
337 1692 427 1728 datur
441 1692 576 1733 angulus
594 1691 659 1723 ille·
706 1692 768 1724 Sed
782 1692 853 1723 data
867 1698 913 1723 eet
936 1693 958 1723 S
975 1692 1007 1722 A
1029 1693 1099 1723 lon-
1142 1699 1179 1720 ac
1202 1688 1332 1728 proinde
1360 1689 1483 1720 dabitur
1509 1688 1645 1730 angulus
1679 1690 1711 1719 A
1739 1689 1761 1721 S
1785 1699 1814 1726 a,
1847 1687 1980 1719 latitudo

260 1734 412 1775 gitudine,
436 1733 532 1775 quare
546 1740 637 1765 rectae
655 1734 677 1765 S
695 1735 725 1764 A
741 1733 906 1775 longitudo
921 1740 952 1764 et
968 1734 1100 1766 inclina·
1143 1732 1273 1763 cometae
1303 1731 1530 1767 helincentrica·
1586 1731 1640 1762 Ex
1668 1731 1717 1761 his
1744 1740 1868 1772 quoque
1894 1735 1980 1768 potet

259 1778 306 1807 tio
320 1777 361 1807 ad
375 1787 465 1807 axem
479 1776 601 1807 calculo
615 1776 813 1806 determinari
833 1782 971 1816 possunt.
1142 1774 1275 1804 vicissim
1293 1773 1425 1804 inveniri
1439 1783 1527 1813 posse
1547 1779 1671 1812 tempus
1693 1783 1757 1816 quo
1780 1777 1902 1805 cometa
1922 1771 1978 1804 da.-

305 1821 377 1850 158.
406 1819 533 1849 Refemt
548 1821 589 1861 εὶ
607 1833 628 1849 ω
645 1818 685 1854 V,
703 1825 832 1849 cometae
846 1818 1052 1858 trajectoriam
1067 1818 1100 1849 in
1141 1822 1212 1847 tum
1232 1816 1267 1847 in
1288 1817 1362 1848 orbe
1381 1826 1440 1847 suo
1461 1816 1564 1847 locum
1586 1820 1680 1847 tenet.

259 1861 351 1902 cujus
365 1861 513 1891 umbilico
533 1862 555 1893 S
575 1860 745 1892 collocatur
761 1861 823 1898 Sol,
847 1861 947 1902 sitque
961 1874 983 1892 ω
1000 1870 1101 1900 punc.

257 1910 328 1934 tum
343 1903 428 1943 quod
436 1909 556 1934 cometa
566 1904 727 1942 occupavit
735 1903 768 1933 i'n
780 1903 838 1934 ali-

257 1944 322 1986 qua.
346 1947 457 1976 harum
485 1946 732 1977 observationum
760 1955 838 1986 qua-

257 1998 330 2018 rum
352 1998 411 2028 ope
432 1989 602 2030 trajectoria
623 1987 750 2019 definita
768 1988 840 2019 fuit.

260 2030 457 2072 Trajectoriae
482 2031 576 2072 hujus
598 2031 637 2062 sit
662 2031 728 2062 axis
754 2031 786 2061 V
803 2031 836 2061 X

257 2075 409 2113 positione
433 2073 544 2112 datus3
567 2073 738 2112 innotescat
756 2079 837 2104 tem-

257 2126 318 2155 pus
341 2126 405 2156 quo
427 2123 548 2147 cometa
571 2116 604 2147 in
629 2115 837 2156 perihelioeV

258 2165 403 2196 versatur,
419 2159 519 2199 sitque
535 2162 576 2202 st
591 2159 632 2198 '25
647 2158 728 2189 linea
738 2157 835 2188 nodo-

258 2211 327 2231 rum
338 2201 488 2240 positione
499 2203 633 2244 cognita.
665 2200 698 2232 Si
708 2206 837 2232 cometae

257 2243 427 2285 trajectoria
447 2244 572 2276 inventa
591 2244 686 2276 fuerit
706 2245 837 2283 parabo-

257 2285 326 2323 lica,
348 2287 486 2326 capiatur
499 2288 633 2328 spatium
647 2286 730 2326 quod
745 2286 783 2316 sit
797 2285 838 2317 ad

257 2329 391 2367 spatium
416 2344 438 2360 ω
466 2329 496 2360 V
524 2331 556 2368 S,
583 2330 744 2370 cognitum
767 2330 837 2370 (per

260 2371 374 2402 Theor.
394 2371 457 2402 IV.
479 2372 519 2403 de
541 2372 661 2412 parab·)
684 2378 721 2402 ut
741 2371 836 2402 inter-

257 2414 374 2444 vallum
406 2414 486 2444 inter
518 2422 640 2454 tempus
669 2414 775 2444 datum
805 2419 836 2444 et

257 2455 351 2496 supi-sl
374 2456 536 2488 inventum
555 2462 751 2488 momentum
773 2466 836 2497 quo

257 2505 378 2529 cometa
413 2500 595 2538 perihelium
629 2499 762 2540 attingit,
796 2498 835 2529 ad

256 2541 453 2572 intervallum
476 2543 557 2574 intei-
570 2542 752 2582 praedictum
767 2551 835 2572 mo·

256 2590 399 2614 mentum
442 2590 474 2616 et
507 2584 750 2616 observationem
785 2593 836 2614 co.
1111 2602 1113 2604 ν
1643 2613 1653 2620 .
1842 2610 1851 2617 .

257 2632 349 2657 metae
377 2627 425 2668 ¹jn
464 2639 505 2666 ⁶3
558 2633 689 2667 ponatur
731 2627 863 2665 spafium
908 2617 987 2649 illud
1023 2617 1095 2649 dam
1183 2620 1254 2650 159.
1281 2617 1399 2648 lisdem
1419 2615 1616 2647 manentibus
1628 2618 1668 2643 sit
1690 2612 1720 2643 B
1738 2611 1768 2642 T
1786 2611 1869 2642 orbis
1881 2619 1970 2651 mag-

258 2669 427 2707 rectilineo,
454 2670 531 2710 puta
554 2672 575 2701 b
598 2672 628 2707 b,
655 2669 783 2710 aequale.
831 2665 956 2696 Deinde
986 2660 1093 2702 (157.)
1138 2670 1208 2698 nnS,
1225 2660 1324 2700 sitque
1337 2659 1445 2690 Tellus
1458 2658 1492 2688 in
1508 2657 1538 2689 T
1551 2655 1591 2688 ad
1605 2661 1727 2704 tempu}
1737 2653 1855 2703 datum.
1886 2651 1972 2684 Jun-

257 2712 317 2751 ipsi
326 2713 346 2742 b
355 2714 375 2743 b
387 2714 504 2754 aequale
521 2713 572 2744 fiat
581 2713 714 2752 spatium
724 2710 932 2751 parabolicum
949 2704 1046 2734 VRA
1061 2705 1092 2741 S,
1137 2710 1252 2744 gantur
1275 2703 1304 2734 T
1322 2705 1364 2740 A,
1383 2702 1413 2732 T
1427 2711 1457 2750 a,
1470 2705 1528 2731 ent
1541 2698 1670 2738 planum
1684 2695 1832 2737 trianguli
1849 2695 1878 2726 T
1894 2696 1926 2726 A
1940 2704 1969 2731 ι,

258 2761 289 2785 et
304 2754 477 2786 inveniatur
491 2762 555 2786 tam
569 2756 680 2795 positio
694 2753 790 2795 quum
804 2749 990 2793 magnitudo
1003 2754 1094 2777 rectae
1138 2746 1178 2776 ed
1200 2745 1329 2785 planum
1355 2743 1504 2783 eclipticae
1527 2740 1674 2789 nori-nale·
1691 2739 1801 2780 (Prop.
1828 2736 1972 2786 xviii.

261 2797 283 2827 S
301 2798 332 2827 A
355 2804 496 2838 respectu
524 2800 546 2829 S
564 2799 604 2835 V,
629 2798 719 2839 cujus
740 2796 850 2836 positio
865 2801 896 2825 et
910 2790 1095 2831 magnitudo
1139 2789 1211 2819 Lib.
1231 2787 1298 2818 XI.
1319 2785 1447 2825 Eleia).
1492 2783 1566 2816 Jam
1588 2793 1622 2813 in
1637 2781 1794 2822 triangulo
1809 2780 1839 2812 T
1855 2779 1878 2811 S
1891 2789 1921 2817 a,
1936 2788 1971 2810 in

257 2848 398 2878 respectu
421 2840 572 2872 distantiae
597 2839 709 2880 aphelii
738 2839 844 2870 Tei-rae
867 2848 886 2868 a
913 2834 983 2864 Sole
1006 2831 1093 2872 prius
1135 2831 1228 2870 plano
1249 2828 1397 2869 eclipticae
1413 2827 1503 2858 datur
1522 2825 1649 2877 mus-„S
1663 2835 1692 2862 a,
1717 2822 1820 2872 (¹:58)’
1843 2827 1968 2868 notum-

258 2889 340 2912 notae
355 2889 436 2914 sunt.
486 2885 531 2914 At
546 2884 570 2914 si
592 2889 720 2913 cometae
738 2880 908 2922 trajectoria
923 2876 1092 2915 deprehen·
1135 2882 1197 2913 que
1211 2878 1256 2903 est
1269 2872 1351 2920 latus
1367 2871 1389 2901 S
1405 2870 1444 2907 T,
1452 2879 1497 2918 ‘ex
1512 2869 1630 2917 theorifi
1643 2866 1787 2916 T?11¹·¹¹[¹⁵2
1803 2870 1970 2914 ecutrum-

257 2924 350 2955 datur
370 2925 515 2966 emptica,
538 2935 591 2965 pei·
605 2923 766 2955 methodos
782 2925 814 2953 in
833 2923 927 2961 Prop.
948 2918 1089 2951 XXXI.
1135 2925 1198 2956 que
1213 2914 1303 2945 latus
1325 2923 1358 2944 in
1383 2913 1520 2952 partibus
1537 2910 1702 2941 mediocris
1721 2907 1873 2939 distantiae
1893 2905 1969 2937 'rei-

259 2966 331 2997 Lib.
354 2967 379 2997 1.
399 2969 562 3009 expositas,
589 2967 721 2998 ducatur
746 2972 827 2997 recta
854 2965 876 2995 S
901 2966 941 2998 A,
965 2960 1036 2991 talis
1055 2965 1092 2990 ut
1133 2957 1211 2989 luris
1234 2967 1255 2987 a
1281 2955 1352 2987 Sole
1366 2954 1709 3003 'cypressum-habetur.
1757 2949 1909 2981 Praeterea
1927 2947 1969 2978 ob

258 3019 330 3039 area
345 3010 377 3039 V
390 3012 420 3042 R.
436 3013 466 3042 A
478 3012 510 3049 S,
525 3011 565 3041 sit
579 3010 619 3041 ad
630 3016 726 3040 totam
737 3009 879 3048 ellipseos
890 3015 1002 3037 aream.
1013 3002 1093 3033 sicut
1134 3001 1230 3031 latera
1243 2998 1296 3029 illa
1310 3003 1460 3037 positione
1471 3001 1605 3036 cognita,
1622 2994 1713 3046 datin·
1721 2991 1856 3033 angulus
1866 2990 1896 3022 '1'
1907 2989 1929 3021 S
1937 2999 1966 3027 n,

257 3052 454 3084 intervallum
477 3054 557 3084 inter
575 3059 699 3091 tempus
717 3051 826 3082 datum
847 3056 879 3081 et
900 3052 1093 3079 momentum
1136 3043 1175 3073 ab
1196 3041 1258 3072 iuis
1282 3039 1529 3078 comprehensu&
1555 3046 1651 3078 quare
1674 3039 1870 3082 innotescent·
1886 3032 1968 3082 latus

257 3104 320 3136 quo
341 3095 523 3134 perihelium
545 3101 674 3134 occupat
694 3094 850 3134 integrum
872 3096 1000 3122 cometae
1014 3095 1091 3117 tem-
1137 3085 1167 3116 T
1178 3095 1207 3121 a,
1222 3089 1254 3114 et
1267 3081 1402 3122 angulus
1419 3081 1440 3112 S
1453 3081 1482 3112 T
1491 3091 1530 3118 ες
1553 3079 1608 3110 sed
1622 3077 1713 3109 datur
1728 3076 1758 3108 Τ
1769 3075 1791 3107 S
1805 3081 1967 3125 positione,

258 3150 317 3181 pus
338 3138 528 3179 periodicum
549 3137 633 3178 quod
655 3146 692 3167 ex
715 3136 788 3167 dato
808 3133 915 3166 orbitae
937 3131 1093 3164 cometicae
1135 3136 1247 3167 nempe
1261 3125 1348 3156 locus
1365 3123 1445 3155 Solis
1458 3122 1499 3155 ad
1513 3129 1635 3162 tempus
1648 3119 1767 3158 datum,
1787 3124 1861 3150 nota
1873 3123 1969 3160 igitui-
