<?xml version="1.0" encoding="UTF-8"?>
<!DOCTYPE html PUBLIC "-//W3C//DTD XHTML 1.0 Transitional//EN"
    "http://www.w3.org/TR/xhtml1/DTD/xhtml1-transitional.dtd">
<html xmlns="http://www.w3.org/1999/xhtml" xml:lang="en" lang="en">
 <head>
  <title>
</title>
<meta http-equiv="Content-Type" content="text/html;charset=utf-8" />
  <meta name='ocr-system' content='tesseract 3.04.00' />
  <meta name='ocr-capabilities' content='ocr_page ocr_carea ocr_par ocr_line ocrx_word'/>
</head>
<body>
  <div class='ocr_page' id='page_1' title='image "./philosophiaenatu04newtuoft_0211.png"; bbox 0 0 2072 3522; ppageno 0'>
   <div class='ocr_carea' id='block_1_1' title="bbox 142 281 1870 336">
    <p class='ocr_par' dir='ltr' id='par_1_1' title="bbox 142 281 1870 336">
     <span class='ocr_line' id='line_1_1' title="bbox 142 281 1870 336; baseline 0 -7"><span class='ocrx_word' id='word_1_1' title='bbox 142 284 550 336; x_wconf 72' lang='lat' dir='ltr'>L1nEnTnn&#39;rius.]</span> <span class='ocrx_word' id='word_1_2' title='bbox 601 282 922 327; x_wconf 87' lang='lat' dir='ltr'>PRINCIPIA</span> <span class='ocrx_word' id='word_1_3' title='bbox 963 281 1462 327; x_wconf 77' lang='lat' dir='ltr'>MATHEMATICA.</span> <span class='ocrx_word' id='word_1_4' title='bbox 1786 293 1870 332; x_wconf 81' lang='lat'>195</span> 
     </span>
    </p>
   </div>
   <div class='ocr_carea' id='block_1_2' title="bbox 136 398 1870 604">
    <p class='ocr_par' dir='ltr' id='par_1_2' title="bbox 136 398 1870 604">
     <span class='ocr_line' id='line_1_2' title="bbox 142 398 1870 456; baseline 0 -13"><span class='ocrx_word' id='word_1_5' title='bbox 142 402 228 443; x_wconf 91' lang='lat' dir='ltr'><strong>hoc</strong></span> <span class='ocrx_word' id='word_1_6' title='bbox 266 400 369 442; x_wconf 85' lang='lat' dir='ltr'>orbe</span> <span class='ocrx_word' id='word_1_7' title='bbox 405 415 432 441; x_wconf 88' lang='lat' dir='ltr'><strong>a</strong></span> <span class='ocrx_word' id='word_1_8' title='bbox 471 398 654 441; x_wconf 87' lang='lat' dir='ltr'><strong>Bradleo</strong></span> <span class='ocrx_word' id='word_1_9' title='bbox 693 407 946 454; x_wconf 82' lang='lat' dir='ltr'><strong>computata,</strong></span> <span class='ocrx_word' id='word_1_10' title='bbox 987 406 1030 441; x_wconf 83' lang='lat' dir='ltr'><strong>et</strong></span> <span class='ocrx_word' id='word_1_11' title='bbox 1059 413 1156 441; x_wconf 86' lang='lat' dir='ltr'><strong>cum</strong></span> <span class='ocrx_word' id='word_1_12' title='bbox 1189 399 1292 448; x_wconf 78' lang='lat' dir='ltr'><strong>locis</strong></span> <span class='ocrx_word' id='word_1_13' title='bbox 1326 415 1352 441; x_wconf 87' lang='lat' dir='ltr'><strong>a</strong></span> <span class='ocrx_word' id='word_1_14' title='bbox 1377 400 1515 455; x_wconf 91' lang='lat' dir='ltr'><strong>seipso</strong></span> <span class='ocrx_word' id='word_1_15' title='bbox 1542 407 1585 442; x_wconf 91' lang='lat' dir='ltr'><strong>et</strong></span> <span class='ocrx_word' id='word_1_16' title='bbox 1614 408 1767 456; x_wconf 88' lang='lat' dir='ltr'><strong>patruo</strong></span> <span class='ocrx_word' id='word_1_17' title='bbox 1792 417 1870 444; x_wconf 90' lang='lat' dir='ltr'><strong>suo</strong></span> 
     </span>
     <span class='ocr_line' id='line_1_3' title="bbox 139 471 1866 524; baseline 0 -7"><span class='ocrx_word' id='word_1_18' title='bbox 139 474 200 517; x_wconf 90' lang='lat' dir='ltr'><strong>D.</strong></span> <span class='ocrx_word' id='word_1_19' title='bbox 239 473 447 524; x_wconf 88' lang='lat' dir='ltr'><strong>Poundio,</strong></span> <span class='ocrx_word' id='word_1_20' title='bbox 484 480 527 514; x_wconf 93' lang='lat' dir='ltr'><strong>et</strong></span> <span class='ocrx_word' id='word_1_21' title='bbox 557 487 584 513; x_wconf 83' lang='lat' dir='ltr'><strong>a</strong></span> <span class='ocrx_word' id='word_1_22' title='bbox 617 472 676 514; x_wconf 88' lang='lat' dir='ltr'><strong>D.</strong></span> <span class='ocrx_word' id='word_1_23' title='bbox 712 471 886 514; x_wconf 86' lang='lat' dir='ltr'><strong>Halleio</strong></span> <span class='ocrx_word' id='word_1_24' title='bbox 916 472 1146 515; x_wconf 89' lang='lat' dir='ltr'><strong>observatis</strong></span> <span class='ocrx_word' id='word_1_25' title='bbox 1178 473 1330 515; x_wconf 84' lang='lat' dir='ltr'><strong>collata</strong></span> <span class='ocrx_word' id='word_1_26' title='bbox 1363 473 1614 516; x_wconf 85' lang='lat' dir='ltr'>exhibentur</span> <span class='ocrx_word' id='word_1_27' title='bbox 1645 475 1692 517; x_wconf 89' lang='lat' dir='ltr'><strong>in</strong></span> <span class='ocrx_word' id='word_1_28' title='bbox 1723 474 1866 517; x_wconf 68' lang='lat' dir='ltr'><strong>tabula</strong></span> 
     </span>
     <span class='ocr_line' id='line_1_4' title="bbox 136 555 348 604; baseline -0.009 -14"><span class='ocrx_word' id='word_1_29' title='bbox 136 555 348 604; x_wconf 89' lang='lat' dir='ltr'><strong>sequente.</strong></span> 
     </span>
    </p>
   </div>
   <div class='ocr_carea' id='block_1_3' title="bbox 187 683 1422 767">
    <p class='ocr_par' dir='ltr' id='par_1_3' title="bbox 187 683 1422 767">
     <span class='ocr_line' id='line_1_5' title="bbox 286 683 1422 727; baseline -0.001 -13"><span class='ocrx_word' id='word_1_30' title='bbox 286 686 378 716; x_wconf 79' lang='lat'>1723.</span> <span class='ocrx_word' id='word_1_31' title='bbox 501 685 621 715; x_wconf 86' lang='lat' dir='ltr'>Comet.</span> <span class='ocrx_word' id='word_1_32' title='bbox 636 683 738 725; x_wconf 84' lang='lat' dir='ltr'>Long.</span> <span class='ocrx_word' id='word_1_33' title='bbox 776 686 847 716; x_wconf 83' lang='lat' dir='ltr'>Lat.</span> <span class='ocrx_word' id='word_1_34' title='bbox 865 686 939 716; x_wconf 82' lang='lat' dir='ltr'>Bor.</span> <span class='ocrx_word' id='word_1_35' title='bbox 986 685 1220 727; x_wconf 63' lang='lat' dir='ltr'>Comei-Long.</span> <span class='ocrx_word' id='word_1_36' title='bbox 1256 684 1327 714; x_wconf 82' lang='lat' dir='ltr'>Lat.</span> <span class='ocrx_word' id='word_1_37' title='bbox 1347 684 1422 714; x_wconf 81' lang='lat' dir='ltr'>Bor.</span> 
     </span>
     <span class='ocr_line' id='line_1_6' title="bbox 187 726 1415 767; baseline -0.002 -9"><span class='ocrx_word' id='word_1_38' title='bbox 187 727 328 766; x_wconf 77' lang='lat' dir='ltr'><strong>Tempus</strong></span> <span class='ocrx_word' id='word_1_39' title='bbox 349 726 476 767; x_wconf 83' lang='lat' dir='ltr'>AEquat.</span> <span class='ocrx_word' id='word_1_40' title='bbox 535 727 697 758; x_wconf 82' lang='lat' dir='ltr'><strong>observat.</strong></span> <span class='ocrx_word' id='word_1_41' title='bbox 784 729 942 760; x_wconf 65' lang='grc'><strong>011881781-</strong></span> <span class='ocrx_word' id='word_1_42' title='bbox 1266 726 1415 766; x_wconf 71' lang='lat' dir='ltr'>eomput.</span> 
     </span>
    </p>
   </div>
   <div class='ocr_carea' id='block_1_4' title="bbox 189 810 1432 1486">
    <p class='ocr_par' dir='ltr' id='par_1_4' title="bbox 189 810 1432 1486">
     <span class='ocr_line' id='line_1_7' title="bbox 296 810 1285 844; baseline 0.001 -19"><span class='ocrx_word' id='word_1_43' title='bbox 296 812 328 843; x_wconf 59' lang='grc' dir='ltr'><em>ὼ</em></span> <span class='ocrx_word' id='word_1_44' title='bbox 367 812 398 842; x_wconf 63' lang='lat'><strong>¹¹⁴</strong></span> <span class='ocrx_word' id='word_1_45' title='bbox 430 811 440 825; x_wconf 89' lang='grc' dir='ltr'><strong><em>Ι</em></strong></span> <span class='ocrx_word' id='word_1_46' title='bbox 574 823 595 844; x_wconf 82' lang='lat'><strong>⁰</strong></span> <span class='ocrx_word' id='word_1_47' title='bbox 654 810 664 825; x_wconf 83' lang='grc' dir='ltr'><strong><em>Ι</em></strong></span> <span class='ocrx_word' id='word_1_48' title='bbox 713 811 730 825; x_wconf 88' lang='grc' dir='ltr'><strong>ΙΙ</strong></span> <span class='ocrx_word' id='word_1_49' title='bbox 790 824 810 844; x_wconf 83' lang='lat' dir='ltr'>o</span> <span class='ocrx_word' id='word_1_50' title='bbox 847 813 856 827; x_wconf 84' lang='grc' dir='ltr'><strong><em>Ι</em></strong></span> <span class='ocrx_word' id='word_1_51' title='bbox 905 814 922 827; x_wconf 86' lang='grc' dir='ltr'><strong>ΙΙ</strong></span> <span class='ocrx_word' id='word_1_52' title='bbox 1115 812 1126 827; x_wconf 86' lang='grc' dir='ltr'><strong><em>Ι</em></strong></span> <span class='ocrx_word' id='word_1_53' title='bbox 1189 813 1206 826; x_wconf 88' lang='grc' dir='ltr'><strong>ΙΙ</strong></span> <span class='ocrx_word' id='word_1_54' title='bbox 1264 822 1285 843; x_wconf 82' lang='lat'><strong>⁰</strong></span> 
     </span>
     <span class='ocr_line' id='line_1_8' title="bbox 200 856 1431 892; baseline -0.002 -4"><span class='ocrx_word' id='word_1_55' title='bbox 200 856 266 888; x_wconf 80' lang='lat' dir='ltr'>Oct.</span> <span class='ocrx_word' id='word_1_56' title='bbox 306 859 336 887; x_wconf 90' lang='lat'><strong>9.</strong></span> <span class='ocrx_word' id='word_1_57' title='bbox 376 858 407 886; x_wconf 87' lang='lat'><strong>8.</strong></span> <span class='ocrx_word' id='word_1_58' title='bbox 446 857 467 886; x_wconf 88' lang='lat'><em>5</em></span> <span class='ocrx_word' id='word_1_59' title='bbox 500 858 668 892; x_wconf 60' lang='lat' dir='ltr'>xz22.</span> <span class='ocrx_word' id='word_1_60' title='bbox 690 858 728 886; x_wconf 89' lang='lat'><strong>15</strong></span> <span class='ocrx_word' id='word_1_61' title='bbox 795 859 826 888; x_wconf 88' lang='lat'><strong>5.</strong></span> <span class='ocrx_word' id='word_1_62' title='bbox 857 860 877 886; x_wconf 86' lang='lat'>2</span> <span class='ocrx_word' id='word_1_63' title='bbox 921 861 944 888; x_wconf 95' lang='grc' dir='ltr'>ο</span> <span class='ocrx_word' id='word_1_64' title='bbox 1073 879 1082 887; x_wconf 93' lang='grc'><strong>.</strong></span> <span class='ocrx_word' id='word_1_65' title='bbox 1143 879 1152 888; x_wconf 93' lang='grc'><strong>.</strong></span> <span class='ocrx_word' id='word_1_66' title='bbox 1271 857 1302 887; x_wconf 92' lang='grc'><strong>5.</strong></span> <span class='ocrx_word' id='word_1_67' title='bbox 1342 856 1431 886; x_wconf 78' lang='lat'><strong>247</strong></span> 
     </span>
     <span class='ocr_line' id='line_1_9' title="bbox 285 900 1431 932; baseline -0.001 -4"><span class='ocrx_word' id='word_1_68' title='bbox 285 901 335 929; x_wconf 90' lang='lat'><strong>10.</strong></span> <span class='ocrx_word' id='word_1_69' title='bbox 375 901 406 929; x_wconf 91' lang='lat'><strong>6.</strong></span> <span class='ocrx_word' id='word_1_70' title='bbox 425 901 462 929; x_wconf 91' lang='lat'>21</span> <span class='ocrx_word' id='word_1_71' title='bbox 569 903 599 930; x_wconf 92' lang='lat'><strong>6.</strong></span> <span class='ocrx_word' id='word_1_72' title='bbox 617 901 669 928; x_wconf 98' lang='lat'><strong>41.</strong></span> <span class='ocrx_word' id='word_1_73' title='bbox 690 900 728 928; x_wconf 90' lang='lat'>12</span> <span class='ocrx_word' id='word_1_74' title='bbox 795 903 824 932; x_wconf 89' lang='lat'><strong>7.</strong></span> <span class='ocrx_word' id='word_1_75' title='bbox 834 903 886 930; x_wconf 86' lang='lat'><strong>44.</strong></span> <span class='ocrx_word' id='word_1_76' title='bbox 906 902 944 930; x_wconf 85' lang='lat'><strong>13</strong></span> <span class='ocrx_word' id='word_1_77' title='bbox 1073 922 1082 930; x_wconf 93' lang='lat'><strong>.</strong></span> <span class='ocrx_word' id='word_1_78' title='bbox 1143 921 1153 930; x_wconf 90' lang='lat'><strong>.</strong></span> <span class='ocrx_word' id='word_1_79' title='bbox 1196 922 1212 929; x_wconf 78' lang='grc'>-</span> <span class='ocrx_word' id='word_1_80' title='bbox 1272 901 1303 930; x_wconf 87' lang='grc'><strong>7.</strong></span> <span class='ocrx_word' id='word_1_81' title='bbox 1320 902 1371 928; x_wconf 84' lang='lat'><strong>43.</strong></span> <span class='ocrx_word' id='word_1_82' title='bbox 1393 901 1431 928; x_wconf 93' lang='lat'><strong>18</strong></span> 
     </span>
     <span class='ocr_line' id='line_1_10' title="bbox 285 943 1432 974; baseline 0 -3"><span class='ocrx_word' id='word_1_83' title='bbox 285 944 334 971; x_wconf 90' lang='lat'><strong>12.</strong></span> <span class='ocrx_word' id='word_1_84' title='bbox 375 943 406 972; x_wconf 90' lang='grc'><strong>7.</strong></span> <span class='ocrx_word' id='word_1_85' title='bbox 425 943 466 970; x_wconf 87' lang='grc'><strong>22</strong></span> <span class='ocrx_word' id='word_1_86' title='bbox 568 946 599 973; x_wconf 86' lang='grc'><strong>5.</strong></span> <span class='ocrx_word' id='word_1_87' title='bbox 615 944 668 972; x_wconf 84' lang='grc'><strong>59.</strong></span> <span class='ocrx_word' id='word_1_88' title='bbox 687 943 728 971; x_wconf 90' lang='grc'><strong>58</strong></span> <span class='ocrx_word' id='word_1_89' title='bbox 776 946 825 973; x_wconf 90' lang='grc'><strong>11.</strong></span> <span class='ocrx_word' id='word_1_90' title='bbox 839 947 891 974; x_wconf 86' lang='grc'><strong>55.</strong></span> <span class='ocrx_word' id='word_1_91' title='bbox 920 946 943 973; x_wconf 95' lang='lat'>0</span> <span class='ocrx_word' id='word_1_92' title='bbox 1073 965 1082 973; x_wconf 95' lang='lat'><strong>.</strong></span> <span class='ocrx_word' id='word_1_93' title='bbox 1252 945 1301 972; x_wconf 95' lang='grc'><strong>11.</strong></span> <span class='ocrx_word' id='word_1_94' title='bbox 1320 945 1372 973; x_wconf 82' lang='grc'><strong>54.</strong></span> <span class='ocrx_word' id='word_1_95' title='bbox 1391 943 1432 971; x_wconf 82' lang='grc'><strong>55</strong></span> 
     </span>
     <span class='ocr_line' id='line_1_11' title="bbox 286 982 1428 1016; baseline -0.001 -2"><span class='ocrx_word' id='word_1_96' title='bbox 286 986 336 1014; x_wconf 88' lang='lat'><strong>14.</strong></span> <span class='ocrx_word' id='word_1_97' title='bbox 375 987 406 1014; x_wconf 87' lang='lat'><strong>8.</strong></span> <span class='ocrx_word' id='word_1_98' title='bbox 424 982 465 1015; x_wconf 83' lang='grc'><strong>57</strong></span> <span class='ocrx_word' id='word_1_99' title='bbox 567 989 598 1015; x_wconf 90' lang='lat'><strong>4.</strong></span> <span class='ocrx_word' id='word_1_100' title='bbox 617 986 668 1015; x_wconf 86' lang='lat'><strong>59.</strong></span> <span class='ocrx_word' id='word_1_101' title='bbox 685 986 728 1014; x_wconf 85' lang='lat'><strong>49</strong></span> <span class='ocrx_word' id='word_1_102' title='bbox 777 988 825 1016; x_wconf 87' lang='lat'><strong>14.</strong></span> <span class='ocrx_word' id='word_1_103' title='bbox 837 988 887 1016; x_wconf 83' lang='grc'><strong>48.</strong></span> <span class='ocrx_word' id='word_1_104' title='bbox 900 988 945 1016; x_wconf 88' lang='lat'><strong>50</strong></span> <span class='ocrx_word' id='word_1_105' title='bbox 1073 1007 1083 1015; x_wconf 96' lang='lat'><strong>.</strong></span> <span class='ocrx_word' id='word_1_106' title='bbox 1147 1009 1155 1016; x_wconf 93' lang='lat'><strong>.</strong></span> <span class='ocrx_word' id='word_1_107' title='bbox 1253 987 1301 1015; x_wconf 85' lang='lat'><strong>14.</strong></span> <span class='ocrx_word' id='word_1_108' title='bbox 1319 986 1371 1014; x_wconf 86' lang='lat'><strong>44.</strong></span> <span class='ocrx_word' id='word_1_109' title='bbox 1415 986 1428 1013; x_wconf 92' lang='lat'>1</span> 
     </span>
     <span class='ocr_line' id='line_1_12' title="bbox 287 1029 1432 1060; baseline 0.001 -4"><span class='ocrx_word' id='word_1_110' title='bbox 287 1029 338 1058; x_wconf 88' lang='lat'><strong>15.</strong></span> <span class='ocrx_word' id='word_1_111' title='bbox 375 1030 405 1058; x_wconf 95' lang='lat'><strong>6.</strong></span> <span class='ocrx_word' id='word_1_112' title='bbox 423 1029 466 1057; x_wconf 86' lang='lat'><strong>35</strong></span> <span class='ocrx_word' id='word_1_113' title='bbox 566 1030 597 1057; x_wconf 94' lang='lat'><strong>4.</strong></span> <span class='ocrx_word' id='word_1_114' title='bbox 618 1029 668 1057; x_wconf 89' lang='grc'><strong>47.</strong></span> <span class='ocrx_word' id='word_1_115' title='bbox 687 1029 725 1057; x_wconf 82' lang='grc'><strong>41</strong></span> <span class='ocrx_word' id='word_1_116' title='bbox 777 1031 825 1059; x_wconf 92' lang='lat'><strong>15.</strong></span> <span class='ocrx_word' id='word_1_117' title='bbox 837 1031 938 1060; x_wconf 80' lang='lat'>4051</span> <span class='ocrx_word' id='word_1_118' title='bbox 1073 1050 1082 1059; x_wconf 92' lang='lat'><strong>.</strong></span> <span class='ocrx_word' id='word_1_119' title='bbox 1144 1050 1153 1058; x_wconf 93' lang='lat'><strong>.</strong></span> <span class='ocrx_word' id='word_1_120' title='bbox 1253 1029 1300 1058; x_wconf 87' lang='lat'><strong>15.</strong></span> <span class='ocrx_word' id='word_1_121' title='bbox 1320 1031 1372 1057; x_wconf 85' lang='grc'><strong>40.</strong></span> <span class='ocrx_word' id='word_1_122' title='bbox 1391 1029 1432 1057; x_wconf 90' lang='grc'><strong>55</strong></span> 
     </span>
     <span class='ocr_line' id='line_1_13' title="bbox 282 1071 1431 1103; baseline -0.003 -1"><span class='ocrx_word' id='word_1_123' title='bbox 282 1071 334 1102; x_wconf 84' lang='grc'><strong>21.</strong></span> <span class='ocrx_word' id='word_1_124' title='bbox 375 1073 405 1101; x_wconf 90' lang='lat'>6</span> <span class='ocrx_word' id='word_1_125' title='bbox 425 1073 466 1099; x_wconf 89' lang='lat'><strong>22</strong></span> <span class='ocrx_word' id='word_1_126' title='bbox 567 1074 598 1100; x_wconf 87' lang='lat'><strong>4.</strong></span> <span class='ocrx_word' id='word_1_127' title='bbox 639 1072 669 1099; x_wconf 87' lang='lat'><strong>2.</strong></span> <span class='ocrx_word' id='word_1_128' title='bbox 687 1072 730 1101; x_wconf 85' lang='grc'><strong>52</strong></span> <span class='ocrx_word' id='word_1_129' title='bbox 775 1074 886 1103; x_wconf 88' lang='lat'>19.41.</span> <span class='ocrx_word' id='word_1_130' title='bbox 899 1075 942 1103; x_wconf 89' lang='lat'><strong>49</strong></span> <span class='ocrx_word' id='word_1_131' title='bbox 1072 1092 1082 1101; x_wconf 95' lang='grc'><strong>.</strong></span> <span class='ocrx_word' id='word_1_132' title='bbox 1254 1074 1301 1101; x_wconf 90' lang='grc'><strong>10.</strong></span> <span class='ocrx_word' id='word_1_133' title='bbox 1320 1074 1372 1100; x_wconf 87' lang='grc'><strong>42.</strong></span> <span class='ocrx_word' id='word_1_134' title='bbox 1410 1073 1431 1099; x_wconf 85' lang='grc'><strong>5</strong></span> 
     </span>
     <span class='ocr_line' id='line_1_14' title="bbox 284 1114 1430 1144; baseline 0.001 -2"><span class='ocrx_word' id='word_1_135' title='bbox 284 1115 336 1142; x_wconf 92' lang='grc'><strong>22.</strong></span> <span class='ocrx_word' id='word_1_136' title='bbox 374 1116 406 1143; x_wconf 89' lang='lat'><strong>6.</strong></span> <span class='ocrx_word' id='word_1_137' title='bbox 425 1114 466 1142; x_wconf 86' lang='lat'>24</span> <span class='ocrx_word' id='word_1_138' title='bbox 567 1117 597 1144; x_wconf 85' lang='grc'><strong>8.</strong></span> <span class='ocrx_word' id='word_1_139' title='bbox 618 1114 668 1143; x_wconf 87' lang='lat'><strong>59.</strong></span> <span class='ocrx_word' id='word_1_140' title='bbox 710 1115 730 1141; x_wconf 88' lang='lat'>2</span> <span class='ocrx_word' id='word_1_141' title='bbox 776 1117 827 1144; x_wconf 88' lang='lat'><strong>20.</strong></span> <span class='ocrx_word' id='word_1_142' title='bbox 860 1117 942 1144; x_wconf 84' lang='grc'><strong>8.12</strong></span> <span class='ocrx_word' id='word_1_143' title='bbox 1072 1135 1082 1144; x_wconf 93' lang='grc'><strong>.</strong></span> <span class='ocrx_word' id='word_1_144' title='bbox 1144 1135 1153 1144; x_wconf 96' lang='grc'><strong>.</strong></span> <span class='ocrx_word' id='word_1_145' title='bbox 1250 1116 1300 1144; x_wconf 91' lang='grc'><strong>20.</strong></span> <span class='ocrx_word' id='word_1_146' title='bbox 1341 1114 1430 1143; x_wconf 89' lang='grc'><strong>8.17</strong></span> 
     </span>
     <span class='ocr_line' id='line_1_15' title="bbox 284 1157 1431 1188; baseline 0.001 -3"><span class='ocrx_word' id='word_1_147' title='bbox 284 1157 337 1185; x_wconf 85' lang='lat'><strong>24.</strong></span> <span class='ocrx_word' id='word_1_148' title='bbox 375 1158 406 1185; x_wconf 88' lang='lat'><strong>8.</strong></span> <span class='ocrx_word' id='word_1_149' title='bbox 447 1157 467 1184; x_wconf 89' lang='lat'>2</span> <span class='ocrx_word' id='word_1_150' title='bbox 569 1159 599 1186; x_wconf 86' lang='lat'><strong>8.</strong></span> <span class='ocrx_word' id='word_1_151' title='bbox 618 1158 669 1185; x_wconf 88' lang='lat'><strong>55.</strong></span> <span class='ocrx_word' id='word_1_152' title='bbox 689 1158 730 1186; x_wconf 88' lang='grc'><strong>29</strong></span> <span class='ocrx_word' id='word_1_153' title='bbox 775 1160 826 1187; x_wconf 90' lang='grc'><strong>20.</strong></span> <span class='ocrx_word' id='word_1_154' title='bbox 838 1159 888 1188; x_wconf 85' lang='grc'><strong>55.</strong></span> <span class='ocrx_word' id='word_1_155' title='bbox 903 1159 941 1187; x_wconf 87' lang='grc'><strong>18</strong></span> <span class='ocrx_word' id='word_1_156' title='bbox 1143 1178 1151 1186; x_wconf 96' lang='grc'><strong>.</strong></span> <span class='ocrx_word' id='word_1_157' title='bbox 1250 1159 1301 1186; x_wconf 92' lang='grc' dir='ltr'><strong>2ο.</strong></span> <span class='ocrx_word' id='word_1_158' title='bbox 1319 1158 1370 1187; x_wconf 89' lang='grc'><strong>55.</strong></span> <span class='ocrx_word' id='word_1_159' title='bbox 1411 1159 1431 1186; x_wconf 89' lang='lat'><strong>9</strong></span> 
     </span>
     <span class='ocr_line' id='line_1_16' title="bbox 283 1199 1432 1230; baseline 0 -3"><span class='ocrx_word' id='word_1_160' title='bbox 283 1200 336 1229; x_wconf 82' lang='lat'><strong>29.</strong></span> <span class='ocrx_word' id='word_1_161' title='bbox 375 1200 405 1227; x_wconf 85' lang='lat'><strong>8.</strong></span> <span class='ocrx_word' id='word_1_162' title='bbox 425 1199 467 1229; x_wconf 89' lang='lat'><strong>56</strong></span> <span class='ocrx_word' id='word_1_163' title='bbox 567 1202 598 1229; x_wconf 92' lang='lat'><strong>3.</strong></span> <span class='ocrx_word' id='word_1_164' title='bbox 617 1199 669 1228; x_wconf 90' lang='lat'>56.</span> <span class='ocrx_word' id='word_1_165' title='bbox 690 1199 730 1228; x_wconf 90' lang='grc'><strong>17</strong></span> <span class='ocrx_word' id='word_1_166' title='bbox 775 1202 826 1229; x_wconf 87' lang='lat'><strong>22.</strong></span> <span class='ocrx_word' id='word_1_167' title='bbox 838 1203 888 1230; x_wconf 87' lang='lat'><strong>20.</strong></span> <span class='ocrx_word' id='word_1_168' title='bbox 900 1202 941 1230; x_wconf 88' lang='grc'><strong>27</strong></span> <span class='ocrx_word' id='word_1_169' title='bbox 1072 1220 1081 1229; x_wconf 95' lang='grc'><strong>.</strong></span> <span class='ocrx_word' id='word_1_170' title='bbox 1141 1220 1151 1229; x_wconf 93' lang='grc'><strong>.</strong></span> <span class='ocrx_word' id='word_1_171' title='bbox 1251 1201 1301 1229; x_wconf 89' lang='grc'><strong>22.</strong></span> <span class='ocrx_word' id='word_1_172' title='bbox 1321 1202 1373 1229; x_wconf 86' lang='grc' dir='ltr'><strong>2ο.</strong></span> <span class='ocrx_word' id='word_1_173' title='bbox 1393 1200 1432 1228; x_wconf 91' lang='grc'><strong>10</strong></span> 
     </span>
     <span class='ocr_line' id='line_1_17' title="bbox 281 1242 1432 1273; baseline -0.001 -2"><span class='ocrx_word' id='word_1_174' title='bbox 281 1243 335 1271; x_wconf 90' lang='grc'><strong>50.</strong></span> <span class='ocrx_word' id='word_1_175' title='bbox 374 1244 405 1272; x_wconf 88' lang='lat'><strong>6.</strong></span> <span class='ocrx_word' id='word_1_176' title='bbox 426 1244 468 1271; x_wconf 91' lang='lat'>20</span> <span class='ocrx_word' id='word_1_177' title='bbox 567 1245 598 1272; x_wconf 89' lang='lat'><strong>3.</strong></span> <span class='ocrx_word' id='word_1_178' title='bbox 618 1242 670 1270; x_wconf 86' lang='grc'><strong>58.</strong></span> <span class='ocrx_word' id='word_1_179' title='bbox 711 1244 731 1271; x_wconf 83' lang='grc'>9</span> <span class='ocrx_word' id='word_1_180' title='bbox 776 1245 826 1272; x_wconf 88' lang='grc'><strong>22.</strong></span> <span class='ocrx_word' id='word_1_181' title='bbox 836 1245 888 1272; x_wconf 89' lang='grc'><strong>52.</strong></span> <span class='ocrx_word' id='word_1_182' title='bbox 900 1245 940 1272; x_wconf 89' lang='grc'><strong>28</strong></span> <span class='ocrx_word' id='word_1_183' title='bbox 1074 1264 1082 1273; x_wconf 97' lang='grc'><strong>.</strong></span> <span class='ocrx_word' id='word_1_184' title='bbox 1142 1263 1151 1272; x_wconf 93' lang='grc'><strong>.</strong></span> <span class='ocrx_word' id='word_1_185' title='bbox 1250 1245 1301 1271; x_wconf 82' lang='grc'><strong>22.</strong></span> <span class='ocrx_word' id='word_1_186' title='bbox 1319 1244 1371 1271; x_wconf 86' lang='grc'><strong>52.</strong></span> <span class='ocrx_word' id='word_1_187' title='bbox 1394 1243 1432 1270; x_wconf 88' lang='grc'><strong>12</strong></span> 
     </span>
     <span class='ocr_line' id='line_1_18' title="bbox 199 1285 1431 1315; baseline -0.002 0"><span class='ocrx_word' id='word_1_188' title='bbox 199 1285 282 1315; x_wconf 75' lang='lat' dir='ltr'>Non.</span> <span class='ocrx_word' id='word_1_189' title='bbox 305 1285 336 1314; x_wconf 91' lang='lat'><strong>5.</strong></span> <span class='ocrx_word' id='word_1_190' title='bbox 377 1286 406 1315; x_wconf 91' lang='lat'><strong>5.</strong></span> <span class='ocrx_word' id='word_1_191' title='bbox 425 1286 466 1315; x_wconf 85' lang='lat'><strong>58</strong></span> <span class='ocrx_word' id='word_1_192' title='bbox 568 1287 599 1314; x_wconf 86' lang='grc'><strong>4.</strong></span> <span class='ocrx_word' id='word_1_193' title='bbox 621 1285 670 1313; x_wconf 84' lang='grc'><strong>16.</strong></span> <span class='ocrx_word' id='word_1_194' title='bbox 687 1286 731 1314; x_wconf 88' lang='grc' dir='ltr'><strong>5ο</strong></span> <span class='ocrx_word' id='word_1_195' title='bbox 776 1287 827 1315; x_wconf 85' lang='grc'><strong>25.</strong></span> <span class='ocrx_word' id='word_1_196' title='bbox 836 1288 888 1315; x_wconf 82' lang='grc'><strong>58.</strong></span> <span class='ocrx_word' id='word_1_197' title='bbox 898 1288 942 1315; x_wconf 91' lang='grc'><strong>55</strong></span> <span class='ocrx_word' id='word_1_198' title='bbox 1072 1306 1081 1315; x_wconf 94' lang='grc'><strong>.</strong></span> <span class='ocrx_word' id='word_1_199' title='bbox 1143 1306 1152 1315; x_wconf 93' lang='grc'><strong>.</strong></span> <span class='ocrx_word' id='word_1_200' title='bbox 1250 1287 1300 1314; x_wconf 88' lang='grc'><strong>25.</strong></span> <span class='ocrx_word' id='word_1_201' title='bbox 1319 1287 1372 1313; x_wconf 88' lang='grc'><strong>58.</strong></span> <span class='ocrx_word' id='word_1_202' title='bbox 1411 1285 1431 1314; x_wconf 91' lang='grc'><strong>7</strong></span> 
     </span>
     <span class='ocr_line' id='line_1_19' title="bbox 306 1328 1432 1358; baseline 0.001 -2"><span class='ocrx_word' id='word_1_203' title='bbox 306 1329 336 1356; x_wconf 91' lang='grc'><strong>8.</strong></span> <span class='ocrx_word' id='word_1_204' title='bbox 376 1329 407 1358; x_wconf 93' lang='grc'><strong>7.</strong></span> <span class='ocrx_word' id='word_1_205' title='bbox 446 1329 467 1357; x_wconf 90' lang='lat'>6</span> <span class='ocrx_word' id='word_1_206' title='bbox 567 1330 598 1357; x_wconf 87' lang='lat'><strong>4.</strong></span> <span class='ocrx_word' id='word_1_207' title='bbox 618 1328 670 1357; x_wconf 88' lang='lat'><strong>29.</strong></span> <span class='ocrx_word' id='word_1_208' title='bbox 687 1329 730 1356; x_wconf 85' lang='grc'><strong>56</strong></span> <span class='ocrx_word' id='word_1_209' title='bbox 775 1330 827 1357; x_wconf 92' lang='grc'><strong>24.</strong></span> <span class='ocrx_word' id='word_1_210' title='bbox 859 1331 888 1358; x_wconf 92' lang='grc'><strong>4.</strong></span> <span class='ocrx_word' id='word_1_211' title='bbox 898 1331 942 1358; x_wconf 87' lang='grc'><strong>50</strong></span> <span class='ocrx_word' id='word_1_212' title='bbox 1072 1349 1081 1357; x_wconf 93' lang='grc'><strong>.</strong></span> <span class='ocrx_word' id='word_1_213' title='bbox 1143 1349 1152 1358; x_wconf 91' lang='grc'><strong>.</strong></span> <span class='ocrx_word' id='word_1_214' title='bbox 1251 1330 1301 1357; x_wconf 84' lang='grc'><strong>24.</strong></span> <span class='ocrx_word' id='word_1_215' title='bbox 1340 1329 1372 1356; x_wconf 90' lang='grc'><strong>4.</strong></span> <span class='ocrx_word' id='word_1_216' title='bbox 1389 1328 1432 1357; x_wconf 90' lang='lat'><strong>40</strong></span> 
     </span>
     <span class='ocr_line' id='line_1_20' title="bbox 286 1371 1431 1401; baseline 0 -3"><span class='ocrx_word' id='word_1_217' title='bbox 286 1371 336 1399; x_wconf 89' lang='lat'><strong>14.</strong></span> <span class='ocrx_word' id='word_1_218' title='bbox 375 1373 406 1399; x_wconf 90' lang='lat'><strong>6.</strong></span> <span class='ocrx_word' id='word_1_219' title='bbox 424 1372 467 1399; x_wconf 88' lang='lat'>20</span> <span class='ocrx_word' id='word_1_220' title='bbox 568 1373 599 1400; x_wconf 90' lang='lat'><strong>5.</strong></span> <span class='ocrx_word' id='word_1_221' title='bbox 640 1372 730 1399; x_wconf 87' lang='lat'>2.16</span> <span class='ocrx_word' id='word_1_222' title='bbox 755 1373 826 1400; x_wconf 87' lang='grc'><strong>.24.</strong></span> <span class='ocrx_word' id='word_1_223' title='bbox 837 1374 888 1400; x_wconf 90' lang='grc'><strong>48.</strong></span> <span class='ocrx_word' id='word_1_224' title='bbox 899 1374 942 1401; x_wconf 90' lang='lat'><strong>46</strong></span> <span class='ocrx_word' id='word_1_225' title='bbox 1071 1391 1080 1400; x_wconf 96' lang='lat'><strong>.</strong></span> <span class='ocrx_word' id='word_1_226' title='bbox 1141 1392 1151 1400; x_wconf 91' lang='lat'><strong>.</strong></span> <span class='ocrx_word' id='word_1_227' title='bbox 1251 1373 1300 1400; x_wconf 86' lang='grc'><strong>24.</strong></span> <span class='ocrx_word' id='word_1_228' title='bbox 1320 1372 1370 1399; x_wconf 89' lang='grc'><strong>48.</strong></span> <span class='ocrx_word' id='word_1_229' title='bbox 1411 1373 1431 1399; x_wconf 87' lang='lat'>6</span> 
     </span>
     <span class='ocr_line' id='line_1_21' title="bbox 285 1414 1430 1444; baseline -0.001 -2"><span class='ocrx_word' id='word_1_230' title='bbox 285 1415 336 1442; x_wconf 91' lang='grc' dir='ltr'><strong>2ο.</strong></span> <span class='ocrx_word' id='word_1_231' title='bbox 376 1414 406 1443; x_wconf 93' lang='grc'><strong>7.</strong></span> <span class='ocrx_word' id='word_1_232' title='bbox 425 1414 466 1442; x_wconf 88' lang='grc'><strong>45</strong></span> <span class='ocrx_word' id='word_1_233' title='bbox 566 1415 597 1444; x_wconf 93' lang='lat'><strong>5.</strong></span> <span class='ocrx_word' id='word_1_234' title='bbox 617 1414 670 1441; x_wconf 85' lang='lat'><strong>42.</strong></span> <span class='ocrx_word' id='word_1_235' title='bbox 689 1414 732 1442; x_wconf 88' lang='lat'>20</span> <span class='ocrx_word' id='word_1_236' title='bbox 774 1415 824 1444; x_wconf 89' lang='grc'><strong>25.</strong></span> <span class='ocrx_word' id='word_1_237' title='bbox 838 1417 887 1443; x_wconf 87' lang='grc'><strong>24.</strong></span> <span class='ocrx_word' id='word_1_238' title='bbox 900 1417 941 1444; x_wconf 89' lang='grc'><strong>45</strong></span> <span class='ocrx_word' id='word_1_239' title='bbox 1071 1434 1081 1443; x_wconf 94' lang='grc'><strong>.</strong></span> <span class='ocrx_word' id='word_1_240' title='bbox 1142 1435 1151 1444; x_wconf 91' lang='grc'><strong>.</strong></span> <span class='ocrx_word' id='word_1_241' title='bbox 1249 1416 1300 1443; x_wconf 88' lang='lat'><strong>25.</strong></span> <span class='ocrx_word' id='word_1_242' title='bbox 1321 1414 1371 1442; x_wconf 91' lang='lat'><strong>25.</strong></span> <span class='ocrx_word' id='word_1_243' title='bbox 1393 1414 1430 1441; x_wconf 89' lang='grc'><strong>17</strong></span> 
     </span>
     <span class='ocr_line' id='line_1_22' title="bbox 189 1455 1432 1486; baseline 0 -2"><span class='ocrx_word' id='word_1_244' title='bbox 189 1455 274 1485; x_wconf 69' lang='lat' dir='ltr'><strong>Dec.v</strong></span> <span class='ocrx_word' id='word_1_245' title='bbox 306 1457 336 1484; x_wconf 92' lang='grc'><strong>7.</strong></span> <span class='ocrx_word' id='word_1_246' title='bbox 376 1458 406 1485; x_wconf 89' lang='grc'><strong>6.</strong></span> <span class='ocrx_word' id='word_1_247' title='bbox 425 1457 467 1485; x_wconf 87' lang='grc'><strong>45</strong></span> <span class='ocrx_word' id='word_1_248' title='bbox 570 1458 601 1485; x_wconf 89' lang='grc'><strong>8.</strong></span> <span class='ocrx_word' id='word_1_249' title='bbox 639 1458 670 1484; x_wconf 90' lang='grc'><strong>4.</strong></span> <span class='ocrx_word' id='word_1_250' title='bbox 691 1457 730 1484; x_wconf 83' lang='lat'><strong>1⁰8</strong></span> <span class='ocrx_word' id='word_1_251' title='bbox 777 1458 826 1486; x_wconf 87' lang='grc'><strong>26.</strong></span> <span class='ocrx_word' id='word_1_252' title='bbox 838 1458 888 1486; x_wconf 90' lang='lat'><strong>54.</strong></span> <span class='ocrx_word' id='word_1_253' title='bbox 903 1459 942 1485; x_wconf 84' lang='lat'><strong>18</strong></span> <span class='ocrx_word' id='word_1_254' title='bbox 1142 1476 1152 1485; x_wconf 89' lang='lat'><strong>.</strong></span> <span class='ocrx_word' id='word_1_255' title='bbox 1249 1459 1299 1485; x_wconf 88' lang='lat'><strong>26.</strong></span> <span class='ocrx_word' id='word_1_256' title='bbox 1320 1458 1370 1485; x_wconf 86' lang='lat'><strong>53.</strong></span> <span class='ocrx_word' id='word_1_257' title='bbox 1390 1457 1432 1484; x_wconf 89' lang='lat'>42</span> 
     </span>
    </p>
   </div>
   <div class='ocr_carea' id='block_1_5' title="bbox 169 657 1815 1511">
    <p class='ocr_par' dir='ltr' id='par_1_5' title="bbox 169 657 1815 1511">
     <span class='ocr_line' id='line_1_23' title="bbox 169 657 1815 1511; baseline 0 0"><span class='ocrx_word' id='word_1_258' title='bbox 169 657 1815 1511; x_wconf 95' lang='lat' dir='ltr'><strong> </strong></span> 
     </span>
    </p>
   </div>
   <div class='ocr_carea' id='block_1_6' title="bbox 112 1560 1865 2773">
    <p class='ocr_par' dir='ltr' id='par_1_6' title="bbox 133 1560 1865 1978">
     <span class='ocr_line' id='line_1_24' title="bbox 195 1560 1864 1620; baseline 0 -16"><span class='ocrx_word' id='word_1_259' title='bbox 195 1561 279 1604; x_wconf 88' lang='lat' dir='ltr'><strong>His</strong></span> <span class='ocrx_word' id='word_1_260' title='bbox 299 1563 500 1619; x_wconf 85' lang='lat' dir='ltr'><strong>exemplis</strong></span> <span class='ocrx_word' id='word_1_261' title='bbox 522 1563 690 1606; x_wconf 70' lang='lat' dir='ltr'><strong>abunde</strong></span> <span class='ocrx_word' id='word_1_262' title='bbox 712 1565 817 1607; x_wconf 88' lang='lat' dir='ltr'><strong>satis</strong></span> <span class='ocrx_word' id='word_1_263' title='bbox 838 1564 1105 1607; x_wconf 86' lang='lat' dir='ltr'><strong>manifestum</strong></span> <span class='ocrx_word' id='word_1_264' title='bbox 1126 1575 1201 1615; x_wconf 90' lang='lat' dir='ltr'><strong>est,</strong></span> <span class='ocrx_word' id='word_1_265' title='bbox 1224 1560 1337 1620; x_wconf 90' lang='lat' dir='ltr'><strong>quod</strong></span> <span class='ocrx_word' id='word_1_266' title='bbox 1356 1571 1494 1604; x_wconf 88' lang='lat' dir='ltr'><strong>motus</strong></span> <span class='ocrx_word' id='word_1_267' title='bbox 1515 1571 1769 1604; x_wconf 87' lang='lat' dir='ltr'><strong>cometarum</strong></span> <span class='ocrx_word' id='word_1_268' title='bbox 1787 1577 1864 1618; x_wconf 91' lang='lat' dir='ltr'><strong>per</strong></span> 
     </span>
     <span class='ocr_line' id='line_1_25' title="bbox 136 1632 1865 1692; baseline 0 -18"><span class='ocrx_word' id='word_1_269' title='bbox 136 1632 342 1675; x_wconf 89' lang='lat' dir='ltr'><strong>theoriam</strong></span> <span class='ocrx_word' id='word_1_270' title='bbox 362 1650 387 1676; x_wconf 90' lang='lat' dir='ltr'><strong>a</strong></span> <span class='ocrx_word' id='word_1_271' title='bbox 406 1635 526 1677; x_wconf 92' lang='lat' dir='ltr'><strong>nobis</strong></span> <span class='ocrx_word' id='word_1_272' title='bbox 547 1635 784 1691; x_wconf 84' lang='lat' dir='ltr'>expositam</span> <span class='ocrx_word' id='word_1_273' title='bbox 813 1650 900 1677; x_wconf 93' lang='lat' dir='ltr'><strong>non</strong></span> <span class='ocrx_word' id='word_1_274' title='bbox 919 1636 1058 1678; x_wconf 90' lang='lat' dir='ltr'><strong>minus</strong></span> <span class='ocrx_word' id='word_1_275' title='bbox 1078 1634 1271 1678; x_wconf 74' lang='lat' dir='ltr'><strong>accurate</strong></span> <span class='ocrx_word' id='word_1_276' title='bbox 1290 1634 1552 1684; x_wconf 87' lang='lat' dir='ltr'><strong>exhibentur,</strong></span> <span class='ocrx_word' id='word_1_277' title='bbox 1583 1632 1707 1690; x_wconf 67' lang='lat' dir='ltr'><strong>quam</strong></span> <span class='ocrx_word' id='word_1_278' title='bbox 1730 1633 1865 1692; x_wconf 81' lang='lat' dir='ltr'><strong>solent</strong></span> 
     </span>
     <span class='ocr_line' id='line_1_26' title="bbox 134 1704 1864 1765; baseline -0.001 -18"><span class='ocrx_word' id='word_1_279' title='bbox 134 1713 272 1748; x_wconf 89' lang='lat' dir='ltr'><strong>motus</strong></span> <span class='ocrx_word' id='word_1_280' title='bbox 290 1707 553 1762; x_wconf 86' lang='lat' dir='ltr'><strong>planetarum</strong></span> <span class='ocrx_word' id='word_1_281' title='bbox 574 1723 651 1764; x_wconf 89' lang='lat' dir='ltr'><strong>per</strong></span> <span class='ocrx_word' id='word_1_282' title='bbox 670 1718 815 1750; x_wconf 83' lang='lat' dir='ltr'><strong>eorum</strong></span> <span class='ocrx_word' id='word_1_283' title='bbox 834 1707 1029 1751; x_wconf 86' lang='lat' dir='ltr'><strong>theorias.</strong></span> <span class='ocrx_word' id='word_1_284' title='bbox 1081 1709 1130 1765; x_wconf 85' lang='lat'><strong>(²)</strong></span> <span class='ocrx_word' id='word_1_285' title='bbox 1148 1708 1206 1750; x_wconf 86' lang='lat' dir='ltr'><strong>Et</strong></span> <span class='ocrx_word' id='word_1_286' title='bbox 1223 1704 1445 1763; x_wconf 71' lang='lat' dir='ltr'><strong>propterea</strong></span> <span class='ocrx_word' id='word_1_287' title='bbox 1464 1706 1587 1747; x_wconf 86' lang='lat' dir='ltr'><strong>orbes</strong></span> <span class='ocrx_word' id='word_1_288' title='bbox 1607 1714 1864 1747; x_wconf 84' lang='lat' dir='ltr'><strong>cometarum</strong></span> 
     </span>
     <span class='ocr_line' id='line_1_27' title="bbox 133 1774 1863 1837; baseline 0 -18"><span class='ocrx_word' id='word_1_289' title='bbox 133 1793 212 1834; x_wconf 88' lang='lat' dir='ltr'><strong>per</strong></span> <span class='ocrx_word' id='word_1_290' title='bbox 240 1778 350 1821; x_wconf 83' lang='lat' dir='ltr'><strong>hanc</strong></span> <span class='ocrx_word' id='word_1_291' title='bbox 378 1779 584 1823; x_wconf 86' lang='lat' dir='ltr'><strong>theoriam</strong></span> <span class='ocrx_word' id='word_1_292' title='bbox 613 1781 851 1823; x_wconf 88' lang='lat' dir='ltr'><strong>enumerari</strong></span> <span class='ocrx_word' id='word_1_293' title='bbox 878 1788 1068 1837; x_wconf 87' lang='lat' dir='ltr'>possunt,</span> <span class='ocrx_word' id='word_1_294' title='bbox 1091 1788 1133 1822; x_wconf 90' lang='lat' dir='ltr'><strong>et</strong></span> <span class='ocrx_word' id='word_1_295' title='bbox 1152 1788 1316 1835; x_wconf 90' lang='lat' dir='ltr'><strong>tempus</strong></span> <span class='ocrx_word' id='word_1_296' title='bbox 1335 1778 1596 1834; x_wconf 89' lang='lat' dir='ltr'><strong>periodicum</strong></span> <span class='ocrx_word' id='word_1_297' title='bbox 1616 1774 1790 1820; x_wconf 79' lang='lat' dir='ltr'><strong>cometae</strong></span> <span class='ocrx_word' id='word_1_298' title='bbox 1818 1778 1863 1819; x_wconf 94' lang='lat' dir='ltr'><strong>in</strong></span> 
     </span>
     <span class='ocr_line' id='line_1_28' title="bbox 135 1850 1863 1907; baseline 0 -16"><span class='ocrx_word' id='word_1_299' title='bbox 135 1850 323 1907; x_wconf 92' lang='lat' dir='ltr'><strong>quolibet</strong></span> <span class='ocrx_word' id='word_1_300' title='bbox 339 1851 442 1893; x_wconf 88' lang='lat' dir='ltr'><strong>orbe</strong></span> <span class='ocrx_word' id='word_1_301' title='bbox 456 1851 707 1894; x_wconf 86' lang='lat' dir='ltr'><strong>revolventis</strong></span> <span class='ocrx_word' id='word_1_302' title='bbox 722 1851 893 1894; x_wconf 86' lang='lat' dir='ltr'><strong>tandem</strong></span> <span class='ocrx_word' id='word_1_303' title='bbox 914 1853 1023 1904; x_wconf 89' lang='lat' dir='ltr'><strong>sciri,</strong></span> <span class='ocrx_word' id='word_1_304' title='bbox 1046 1860 1088 1895; x_wconf 90' lang='lat' dir='ltr'><strong>et</strong></span> <span class='ocrx_word' id='word_1_305' title='bbox 1106 1861 1197 1894; x_wconf 91' lang='lat' dir='ltr'><strong>tum</strong></span> <span class='ocrx_word' id='word_1_306' title='bbox 1216 1851 1387 1893; x_wconf 89' lang='lat' dir='ltr'><strong>demum</strong></span> <span class='ocrx_word' id='word_1_307' title='bbox 1406 1850 1572 1892; x_wconf 89' lang='lat' dir='ltr'><strong>orbium</strong></span> <span class='ocrx_word' id='word_1_308' title='bbox 1586 1850 1863 1906; x_wconf 87' lang='lat' dir='ltr'><strong>ellipticorum</strong></span> 
     </span>
     <span class='ocr_line' id='line_1_29' title="bbox 134 1922 1415 1978; baseline 0 -15"><span class='ocrx_word' id='word_1_309' title='bbox 134 1922 266 1964; x_wconf 88' lang='lat' dir='ltr'><strong>latera</strong></span> <span class='ocrx_word' id='word_1_310' title='bbox 283 1930 522 1964; x_wconf 81' lang='lat' dir='ltr'><strong>transversa</strong></span> <span class='ocrx_word' id='word_1_311' title='bbox 541 1931 583 1964; x_wconf 92' lang='lat' dir='ltr'><strong>et</strong></span> <span class='ocrx_word' id='word_1_312' title='bbox 603 1923 866 1978; x_wconf 84' lang='lat' dir='ltr'><strong>apheliorum</strong></span> <span class='ocrx_word' id='word_1_313' title='bbox 885 1923 1122 1966; x_wconf 84' lang='lat' dir='ltr'><strong>altitudines</strong></span> <span class='ocrx_word' id='word_1_314' title='bbox 1142 1923 1415 1964; x_wconf 85' lang='lat' dir='ltr'>innotescent.</span> 
     </span>
    </p>

    <p class='ocr_par' dir='ltr' id='par_1_7' title="bbox 134 1992 1863 2195">
     <span class='ocr_line' id='line_1_30' title="bbox 196 1992 1863 2053; baseline -0.002 -16"><span class='ocrx_word' id='word_1_315' title='bbox 196 1994 373 2039; x_wconf 76' lang='lat' dir='ltr'><strong>Cometa</strong></span> <span class='ocrx_word' id='word_1_316' title='bbox 400 1995 683 2053; x_wconf 79' lang='lat' dir='ltr'>retrogradus,</span> <span class='ocrx_word' id='word_1_317' title='bbox 715 1996 790 2052; x_wconf 90' lang='lat' dir='ltr'><strong>qui</strong></span> <span class='ocrx_word' id='word_1_318' title='bbox 817 1996 1010 2051; x_wconf 88' lang='lat' dir='ltr'><strong>apparuit</strong></span> <span class='ocrx_word' id='word_1_319' title='bbox 1029 2010 1139 2038; x_wconf 84' lang='lat' dir='ltr'><strong>anno</strong></span> <span class='ocrx_word' id='word_1_320' title='bbox 1163 2000 1287 2046; x_wconf 89' lang='grc'><strong>1607,</strong></span> <span class='ocrx_word' id='word_1_321' title='bbox 1318 1993 1536 2049; x_wconf 88' lang='lat' dir='ltr'><strong>descripsit</strong></span> <span class='ocrx_word' id='word_1_322' title='bbox 1554 1992 1713 2043; x_wconf 91' lang='lat' dir='ltr'>orbem,</span> <span class='ocrx_word' id='word_1_323' title='bbox 1745 1993 1863 2048; x_wconf 90' lang='lat' dir='ltr'><strong>cujus</strong></span> 
     </span>
     <span class='ocr_line' id='line_1_31' title="bbox 134 2066 1862 2125; baseline -0.001 -16"><span class='ocrx_word' id='word_1_324' title='bbox 134 2067 273 2110; x_wconf 89' lang='lat' dir='ltr'><strong>nodus</strong></span> <span class='ocrx_word' id='word_1_325' title='bbox 305 2067 534 2110; x_wconf 86' lang='lat' dir='ltr'><strong>ascendens</strong></span> <span class='ocrx_word' id='word_1_326' title='bbox 567 2072 854 2125; x_wconf 88' lang='lat' dir='ltr'><strong>(computante</strong></span> <span class='ocrx_word' id='word_1_327' title='bbox 884 2069 1074 2123; x_wconf 85' lang='lat' dir='ltr'><strong>Halleio)</strong></span> <span class='ocrx_word' id='word_1_328' title='bbox 1106 2077 1195 2111; x_wconf 87' lang='lat' dir='ltr'><strong>erat</strong></span> <span class='ocrx_word' id='word_1_329' title='bbox 1223 2069 1268 2109; x_wconf 91' lang='lat' dir='ltr'><strong>in</strong></span> <span class='ocrx_word' id='word_1_330' title='bbox 1308 2073 1334 2109; x_wconf 77' lang='grc' dir='ltr'>ὅ</span> <span class='ocrx_word' id='word_1_331' title='bbox 1373 2072 1473 2110; x_wconf 78' lang='lat'>20⁸¹.</span> <span class='ocrx_word' id='word_1_332' title='bbox 1505 2068 1585 2108; x_wconf 86' lang='lat'>21&#39;.</span> <span class='ocrx_word' id='word_1_333' title='bbox 1597 2083 1610 2117; x_wconf 83' lang='lat'><em>3</em></span> <span class='ocrx_word' id='word_1_334' title='bbox 1649 2066 1862 2107; x_wconf 86' lang='lat' dir='ltr'><strong>inclinatio</strong></span> 
     </span>
     <span class='ocr_line' id='line_1_32' title="bbox 134 2137 1862 2195; baseline -0.001 -16"><span class='ocrx_word' id='word_1_335' title='bbox 134 2138 251 2193; x_wconf 89' lang='lat' dir='ltr'><strong>plani</strong></span> <span class='ocrx_word' id='word_1_336' title='bbox 266 2138 380 2180; x_wconf 85' lang='lat' dir='ltr'><strong>orbis</strong></span> <span class='ocrx_word' id='word_1_337' title='bbox 395 2138 449 2180; x_wconf 90' lang='lat' dir='ltr'><strong>ad</strong></span> <span class='ocrx_word' id='word_1_338' title='bbox 463 2138 637 2194; x_wconf 86' lang='lat' dir='ltr'><strong>planum</strong></span> <span class='ocrx_word' id='word_1_339' title='bbox 652 2138 857 2195; x_wconf 86' lang='lat' dir='ltr'><strong>eclipticae</strong></span> <span class='ocrx_word' id='word_1_340' title='bbox 871 2147 962 2181; x_wconf 89' lang='lat' dir='ltr'><strong>erat</strong></span> <span class='ocrx_word' id='word_1_341' title='bbox 980 2144 1077 2183; x_wconf 66' lang='lat'>173‘.</span> <span class='ocrx_word' id='word_1_342' title='bbox 1094 2140 1165 2180; x_wconf 85' lang='lat'>2‘.·</span> <span class='ocrx_word' id='word_1_343' title='bbox 1137 2170 1165 2188; x_wconf 93' lang='lat'><strong>.,</strong></span> <span class='ocrx_word' id='word_1_344' title='bbox 1186 2137 1434 2193; x_wconf 82' lang='lat' dir='ltr'><strong>perihelium</strong></span> <span class='ocrx_word' id='word_1_345' title='bbox 1450 2145 1540 2179; x_wconf 87' lang='lat' dir='ltr'><strong>erat</strong></span> <span class='ocrx_word' id='word_1_346' title='bbox 1558 2137 1659 2177; x_wconf 71' lang='lat' dir='ltr'>in..-</span> <span class='ocrx_word' id='word_1_347' title='bbox 1620 2141 1750 2178; x_wconf 59' lang='lat'>“2⁵³¹</span> <span class='ocrx_word' id='word_1_348' title='bbox 1770 2137 1862 2186; x_wconf 86' lang='lat'>16&#39;.;</span> 
     </span>
    </p>

    <p class='ocr_par' dir='ltr' id='par_1_8' title="bbox 112 2208 1862 2773">
     <span class='ocr_line' id='line_1_33' title="bbox 112 2208 1861 2267; baseline -0.003 -13"><span class='ocrx_word' id='word_1_349' title='bbox 112 2210 120 2218; x_wconf 84' lang='grc'><strong>’</strong></span> <span class='ocrx_word' id='word_1_350' title='bbox 135 2218 179 2254; x_wconf 88' lang='lat' dir='ltr'><strong>et</strong></span> <span class='ocrx_word' id='word_1_351' title='bbox 213 2210 407 2253; x_wconf 83' lang='lat' dir='ltr'><strong>distantia</strong></span> <span class='ocrx_word' id='word_1_352' title='bbox 442 2211 646 2266; x_wconf 81' lang='lat' dir='ltr'><strong>perihelia</strong></span> <span class='ocrx_word' id='word_1_353' title='bbox 679 2227 706 2253; x_wconf 86' lang='lat' dir='ltr'><strong>a</strong></span> <span class='ocrx_word' id='word_1_354' title='bbox 741 2211 839 2254; x_wconf 90' lang='lat' dir='ltr'><strong>Sole</strong></span> <span class='ocrx_word' id='word_1_355' title='bbox 871 2219 960 2253; x_wconf 85' lang='lat' dir='ltr'><strong>erat</strong></span> <span class='ocrx_word' id='word_1_356' title='bbox 995 2217 1150 2262; x_wconf 87' lang='lat'>58680,</span> <span class='ocrx_word' id='word_1_357' title='bbox 1187 2211 1390 2253; x_wconf 83' lang='lat' dir='ltr'><strong>existente</strong></span> <span class='ocrx_word' id='word_1_358' title='bbox 1423 2210 1542 2252; x_wconf 86' lang='lat' dir='ltr'><strong>radio</strong></span> <span class='ocrx_word' id='word_1_359' title='bbox 1575 2209 1689 2251; x_wconf 91' lang='lat' dir='ltr'><strong>orbis</strong></span> <span class='ocrx_word' id='word_1_360' title='bbox 1718 2208 1861 2267; x_wconf 85' lang='lat' dir='ltr'><strong>magni</strong></span> 
     </span>
     <span class='ocr_line' id='line_1_34' title="bbox 142 2279 1860 2338; baseline -0.002 -15"><span class='ocrx_word' id='word_1_361' title='bbox 142 2287 325 2323; x_wconf 91' lang='lat'>100000.</span> <span class='ocrx_word' id='word_1_362' title='bbox 385 2281 445 2323; x_wconf 86' lang='lat' dir='ltr'><strong>Et</strong></span> <span class='ocrx_word' id='word_1_363' title='bbox 465 2290 627 2323; x_wconf 83' lang='lat' dir='ltr'><strong>cometa</strong></span> <span class='ocrx_word' id='word_1_364' title='bbox 647 2290 735 2324; x_wconf 90' lang='lat' dir='ltr'><strong>erat</strong></span> <span class='ocrx_word' id='word_1_365' title='bbox 755 2282 799 2323; x_wconf 93' lang='lat' dir='ltr'><strong>in</strong></span> <span class='ocrx_word' id='word_1_366' title='bbox 818 2281 1022 2338; x_wconf 90' lang='lat' dir='ltr'><strong>perihelio</strong></span> <span class='ocrx_word' id='word_1_367' title='bbox 1047 2281 1199 2324; x_wconf 90' lang='lat' dir='ltr'>Octob.</span> <span class='ocrx_word' id='word_1_368' title='bbox 1225 2280 1308 2324; x_wconf 78' lang='lat'>16²¹.</span> <span class='ocrx_word' id='word_1_369' title='bbox 1332 2279 1389 2322; x_wconf 82' lang='lat'>3¹¹.</span> <span class='ocrx_word' id='word_1_370' title='bbox 1412 2281 1492 2323; x_wconf 85' lang='lat'>50&#39;.</span> <span class='ocrx_word' id='word_1_371' title='bbox 1556 2279 1763 2337; x_wconf 85' lang='lat' dir='ltr'><strong>Congruit</strong></span> <span class='ocrx_word' id='word_1_372' title='bbox 1791 2279 1860 2320; x_wconf 87' lang='lat' dir='ltr'><strong>hic</strong></span> 
     </span>
     <span class='ocr_line' id='line_1_35' title="bbox 135 2351 1860 2409; baseline -0.001 -15"><span class='ocrx_word' id='word_1_373' title='bbox 135 2351 251 2394; x_wconf 90' lang='lat' dir='ltr'><strong>orbis</strong></span> <span class='ocrx_word' id='word_1_374' title='bbox 293 2352 610 2409; x_wconf 75' lang='lat' dir='ltr'><strong>quamproxime</strong></span> <span class='ocrx_word' id='word_1_375' title='bbox 648 2367 745 2394; x_wconf 90' lang='lat' dir='ltr'><strong>cum</strong></span> <span class='ocrx_word' id='word_1_376' title='bbox 783 2353 886 2394; x_wconf 87' lang='lat' dir='ltr'><strong>orbe</strong></span> <span class='ocrx_word' id='word_1_377' title='bbox 926 2362 1111 2403; x_wconf 88' lang='lat' dir='ltr'><strong>cometae,</strong></span> <span class='ocrx_word' id='word_1_378' title='bbox 1149 2353 1222 2409; x_wconf 92' lang='lat' dir='ltr'><strong>qui</strong></span> <span class='ocrx_word' id='word_1_379' title='bbox 1259 2351 1454 2407; x_wconf 86' lang='lat' dir='ltr'><strong>apparuit</strong></span> <span class='ocrx_word' id='word_1_380' title='bbox 1487 2365 1597 2392; x_wconf 88' lang='lat' dir='ltr'><strong>anno</strong></span> <span class='ocrx_word' id='word_1_381' title='bbox 1628 2355 1752 2393; x_wconf 83' lang='lat'>1682.</span> <span class='ocrx_word' id='word_1_382' title='bbox 1815 2351 1860 2393; x_wconf 90' lang='lat' dir='ltr'><strong>Si</strong></span> 
     </span>
     <span class='ocr_line' id='line_1_36' title="bbox 135 2417 1859 2477; baseline -0.002 -11"><span class='ocrx_word' id='word_1_383' title='bbox 135 2433 312 2466; x_wconf 88' lang='lat' dir='ltr'><strong>cometae</strong></span> <span class='ocrx_word' id='word_1_384' title='bbox 339 2424 386 2465; x_wconf 91' lang='lat' dir='ltr'><strong>hi</strong></span> <span class='ocrx_word' id='word_1_385' title='bbox 414 2424 500 2466; x_wconf 93' lang='lat' dir='ltr'><strong>duo</strong></span> <span class='ocrx_word' id='word_1_386' title='bbox 527 2423 681 2467; x_wconf 87' lang='lat' dir='ltr'><strong>fuerint</strong></span> <span class='ocrx_word' id='word_1_387' title='bbox 708 2440 817 2467; x_wconf 91' lang='lat' dir='ltr'><strong>unus</strong></span> <span class='ocrx_word' id='word_1_388' title='bbox 837 2433 880 2467; x_wconf 91' lang='lat' dir='ltr'><strong>et</strong></span> <span class='ocrx_word' id='word_1_389' title='bbox 898 2424 1022 2476; x_wconf 88' lang='lat' dir='ltr'><strong>idem,</strong></span> <span class='ocrx_word' id='word_1_390' title='bbox 1053 2424 1287 2466; x_wconf 90' lang='lat' dir='ltr'><strong>revolvetur</strong></span> <span class='ocrx_word' id='word_1_391' title='bbox 1307 2423 1375 2463; x_wconf 91' lang='lat' dir='ltr'><strong>hic</strong></span> <span class='ocrx_word' id='word_1_392' title='bbox 1395 2431 1556 2464; x_wconf 88' lang='lat' dir='ltr'><strong>cometa</strong></span> <span class='ocrx_word' id='word_1_393' title='bbox 1576 2422 1710 2477; x_wconf 87' lang='lat' dir='ltr'><strong>spatio</strong></span> <span class='ocrx_word' id='word_1_394' title='bbox 1729 2417 1859 2463; x_wconf 84' lang='lat' dir='ltr'><strong>anno-</strong></span> 
     </span>
     <span class='ocr_line' id='line_1_37' title="bbox 135 2493 1857 2554; baseline -0.003 -15"><span class='ocrx_word' id='word_1_395' title='bbox 135 2510 231 2539; x_wconf 87' lang='lat' dir='ltr'><strong>rum</strong></span> <span class='ocrx_word' id='word_1_396' title='bbox 263 2502 332 2549; x_wconf 88' lang='lat'>75,</span> <span class='ocrx_word' id='word_1_397' title='bbox 366 2497 416 2553; x_wconf 73' lang='lat'><strong>(⁸)</strong></span> <span class='ocrx_word' id='word_1_398' title='bbox 449 2505 492 2540; x_wconf 90' lang='lat' dir='ltr'><strong>et</strong></span> <span class='ocrx_word' id='word_1_399' title='bbox 519 2498 610 2540; x_wconf 84' lang='lat' dir='ltr'><strong>axis</strong></span> <span class='ocrx_word' id='word_1_400' title='bbox 638 2498 772 2554; x_wconf 88' lang='lat' dir='ltr'><strong>major</strong></span> <span class='ocrx_word' id='word_1_401' title='bbox 797 2498 911 2539; x_wconf 86' lang='lat' dir='ltr'><strong>orbis</strong></span> <span class='ocrx_word' id='word_1_402' title='bbox 931 2498 1019 2553; x_wconf 89' lang='lat' dir='ltr'><strong>ejus</strong></span> <span class='ocrx_word' id='word_1_403' title='bbox 1039 2497 1117 2539; x_wconf 91' lang='lat' dir='ltr'><strong>erit</strong></span> <span class='ocrx_word' id='word_1_404' title='bbox 1135 2496 1189 2538; x_wconf 90' lang='lat' dir='ltr'><strong>ad</strong></span> <span class='ocrx_word' id='word_1_405' title='bbox 1208 2510 1329 2538; x_wconf 78' lang='lat' dir='ltr'><strong>axem</strong></span> <span class='ocrx_word' id='word_1_406' title='bbox 1349 2495 1550 2551; x_wconf 86' lang='lat' dir='ltr'><strong>majorem</strong></span> <span class='ocrx_word' id='word_1_407' title='bbox 1570 2493 1682 2535; x_wconf 90' lang='lat' dir='ltr'><strong>orbis</strong></span> <span class='ocrx_word' id='word_1_408' title='bbox 1702 2493 1857 2549; x_wconf 87' lang='lat' dir='ltr'><strong>magni,</strong></span> 
     </span>
     <span class='ocr_line' id='line_1_38' title="bbox 135 2564 1862 2623; baseline -0.002 -14"><span class='ocrx_word' id='word_1_409' title='bbox 135 2575 183 2610; x_wconf 88' lang='lat' dir='ltr'><strong>ut</strong></span> <span class='ocrx_word' id='word_1_410' title='bbox 212 2569 255 2610; x_wconf 59' lang='lat' dir='ltr'><strong>‘t‘</strong></span> <span class='ocrx_word' id='word_1_411' title='bbox 280 2583 304 2611; x_wconf 95' lang='grc'><strong>0</strong></span> <span class='ocrx_word' id='word_1_412' title='bbox 331 2580 344 2612; x_wconf 86' lang='lat'>:</span> <span class='ocrx_word' id='word_1_413' title='bbox 375 2573 430 2613; x_wconf 89' lang='grc'><strong>75</strong></span> <span class='ocrx_word' id='word_1_414' title='bbox 463 2577 497 2611; x_wconf 87' lang='grc' dir='ltr'>Χ</span> <span class='ocrx_word' id='word_1_415' title='bbox 528 2572 582 2613; x_wconf 89' lang='grc'><strong>75</strong></span> <span class='ocrx_word' id='word_1_416' title='bbox 614 2568 668 2610; x_wconf 87' lang='lat' dir='ltr'><strong>ad</strong></span> <span class='ocrx_word' id='word_1_417' title='bbox 699 2575 738 2620; x_wconf 91' lang='lat'><strong>1,</strong></span> <span class='ocrx_word' id='word_1_418' title='bbox 776 2584 850 2611; x_wconf 91' lang='lat' dir='ltr'><strong>seu</strong></span> <span class='ocrx_word' id='word_1_419' title='bbox 887 2573 996 2614; x_wconf 87' lang='lat'>1778</span> <span class='ocrx_word' id='word_1_420' title='bbox 1033 2568 1088 2610; x_wconf 86' lang='lat' dir='ltr'><strong>ad</strong></span> <span class='ocrx_word' id='word_1_421' title='bbox 1123 2574 1205 2623; x_wconf 83' lang='lat' dir='ltr'><strong>lOQ</strong></span> <span class='ocrx_word' id='word_1_422' title='bbox 1238 2566 1412 2608; x_wconf 76' lang='lat' dir='ltr'>circiter.</span> <span class='ocrx_word' id='word_1_423' title='bbox 1489 2565 1540 2622; x_wconf 79' lang='lat'>(¹³)</span> <span class='ocrx_word' id='word_1_424' title='bbox 1577 2565 1635 2607; x_wconf 90' lang='lat' dir='ltr'><strong>Et</strong></span> <span class='ocrx_word' id='word_1_425' title='bbox 1665 2564 1862 2606; x_wconf 83' lang='lat' dir='ltr'><strong>distantia</strong></span> 
     </span>
     <span class='ocr_line' id='line_1_39' title="bbox 136 2639 1857 2699; baseline -0.001 -17"><span class='ocrx_word' id='word_1_426' title='bbox 136 2641 303 2697; x_wconf 83' lang='lat' dir='ltr'><strong>aphelia</strong></span> <span class='ocrx_word' id='word_1_427' title='bbox 322 2650 499 2685; x_wconf 84' lang='lat' dir='ltr'><strong>cometae</strong></span> <span class='ocrx_word' id='word_1_428' title='bbox 517 2642 641 2699; x_wconf 86' lang='lat' dir='ltr'><strong>hujus</strong></span> <span class='ocrx_word' id='word_1_429' title='bbox 660 2658 686 2684; x_wconf 90' lang='lat' dir='ltr'><strong>a</strong></span> <span class='ocrx_word' id='word_1_430' title='bbox 707 2643 818 2694; x_wconf 87' lang='lat' dir='ltr'><strong>Sole,</strong></span> <span class='ocrx_word' id='word_1_431' title='bbox 836 2643 915 2685; x_wconf 90' lang='lat' dir='ltr'><strong>erit</strong></span> <span class='ocrx_word' id='word_1_432' title='bbox 933 2643 988 2685; x_wconf 90' lang='lat' dir='ltr'><strong>ad</strong></span> <span class='ocrx_word' id='word_1_433' title='bbox 1007 2643 1243 2684; x_wconf 86' lang='lat' dir='ltr'><strong>distantiam</strong></span> <span class='ocrx_word' id='word_1_434' title='bbox 1262 2641 1516 2683; x_wconf 90' lang='lat' dir='ltr'><strong>mediocrem</strong></span> <span class='ocrx_word' id='word_1_435' title='bbox 1532 2640 1679 2682; x_wconf 82' lang='lat' dir='ltr'><strong>Terrae</strong></span> <span class='ocrx_word' id='word_1_436' title='bbox 1699 2655 1724 2680; x_wconf 86' lang='lat' dir='ltr'><strong>a</strong></span> <span class='ocrx_word' id='word_1_437' title='bbox 1746 2639 1857 2693; x_wconf 89' lang='lat' dir='ltr'><strong>Sole,</strong></span> 
     </span>
     <span class='ocr_line' id='line_1_40' title="bbox 137 2710 1859 2773; baseline -0.003 -17"><span class='ocrx_word' id='word_1_438' title='bbox 137 2722 186 2755; x_wconf 89' lang='lat' dir='ltr'><strong>ut</strong></span> <span class='ocrx_word' id='word_1_439' title='bbox 209 2718 264 2756; x_wconf 77' lang='lat'><strong>35</strong></span> <span class='ocrx_word' id='word_1_440' title='bbox 285 2714 341 2756; x_wconf 90' lang='lat' dir='ltr'><strong>ad</strong></span> <span class='ocrx_word' id='word_1_441' title='bbox 363 2720 381 2756; x_wconf 94' lang='lat'>1</span> <span class='ocrx_word' id='word_1_442' title='bbox 407 2715 584 2757; x_wconf 90' lang='lat' dir='ltr'>circiter.</span> <span class='ocrx_word' id='word_1_443' title='bbox 646 2715 695 2771; x_wconf 80' lang='lat'><strong>(⁰)</strong></span> <span class='ocrx_word' id='word_1_444' title='bbox 719 2714 883 2765; x_wconf 83' lang='lat' dir='ltr'><strong>Quibus</strong></span> <span class='ocrx_word' id='word_1_445' title='bbox 905 2715 1094 2773; x_wconf 87' lang='lat' dir='ltr'><strong>cognitis,</strong></span> <span class='ocrx_word' id='word_1_446' title='bbox 1114 2714 1229 2756; x_wconf 89' lang='lat' dir='ltr'><strong>haud</strong></span> <span class='ocrx_word' id='word_1_447' title='bbox 1248 2712 1414 2755; x_wconf 88' lang='lat' dir='ltr'><strong>difficile</strong></span> <span class='ocrx_word' id='word_1_448' title='bbox 1432 2711 1558 2754; x_wconf 85' lang='lat' dir='ltr'><strong>fuerit</strong></span> <span class='ocrx_word' id='word_1_449' title='bbox 1576 2711 1720 2753; x_wconf 80' lang='lat' dir='ltr'><strong>orbem</strong></span> <span class='ocrx_word' id='word_1_450' title='bbox 1740 2710 1859 2766; x_wconf 81' lang='lat' dir='ltr'><strong>ellip-</strong></span> 
     </span>
    </p>
   </div>
   <div class='ocr_carea' id='block_1_7' title="bbox 136 2820 1862 3212">
    <p class='ocr_par' dir='ltr' id='par_1_9' title="bbox 138 2820 1860 2912">
     <span class='ocr_line' id='line_1_41' title="bbox 181 2820 1860 2870; baseline -0.005 -9"><span class='ocrx_word' id='word_1_451' title='bbox 181 2827 230 2870; x_wconf 71' lang='lat'><strong>(2)</strong></span> <span class='ocrx_word' id='word_1_452' title='bbox 254 2830 273 2848; x_wconf 64' lang='lat'><strong>¹³</strong></span> <span class='ocrx_word' id='word_1_453' title='bbox 298 2830 344 2860; x_wconf 79' lang='lat' dir='ltr'><strong>Et</strong></span> <span class='ocrx_word' id='word_1_454' title='bbox 362 2829 535 2869; x_wconf 69' lang='grc' dir='ltr'><strong>Ῑινφιενεὰ.</strong></span> <span class='ocrx_word' id='word_1_455' title='bbox 590 2828 760 2865; x_wconf 82' lang='lat' dir='ltr'><strong>Quomodo</strong></span> <span class='ocrx_word' id='word_1_456' title='bbox 781 2830 848 2860; x_wconf 81' lang='lat' dir='ltr'><strong>haec</strong></span> <span class='ocrx_word' id='word_1_457' title='bbox 873 2829 979 2860; x_wconf 85' lang='lat' dir='ltr'><strong>omnia</strong></span> <span class='ocrx_word' id='word_1_458' title='bbox 1025 2833 1096 2866; x_wconf 89' lang='grc'><strong>100,</strong></span> <span class='ocrx_word' id='word_1_459' title='bbox 1118 2839 1155 2859; x_wconf 84' lang='lat' dir='ltr'><strong>ac</strong></span> <span class='ocrx_word' id='word_1_460' title='bbox 1175 2825 1306 2868; x_wconf 70' lang='lat' dir='ltr'><strong>proinde</strong></span> <span class='ocrx_word' id='word_1_461' title='bbox 1324 2825 1469 2857; x_wconf 73' lang='lat' dir='ltr'><strong>distantia</strong></span> <span class='ocrx_word' id='word_1_462' title='bbox 1489 2824 1611 2866; x_wconf 85' lang='lat' dir='ltr'><strong>aphelia</strong></span> <span class='ocrx_word' id='word_1_463' title='bbox 1623 2834 1695 2865; x_wconf 90' lang='lat' dir='ltr'><strong>quae</strong></span> <span class='ocrx_word' id='word_1_464' title='bbox 1709 2820 1756 2854; x_wconf 82' lang='lat' dir='ltr'><strong>est</strong></span> <span class='ocrx_word' id='word_1_465' title='bbox 1769 2822 1860 2854; x_wconf 76' lang='lat' dir='ltr'><strong>diffo-</strong></span> 
     </span>
     <span class='ocr_line' id='line_1_42' title="bbox 138 2866 1860 2912; baseline -0.003 -12"><span class='ocrx_word' id='word_1_466' title='bbox 138 2870 204 2901; x_wconf 84' lang='lat' dir='ltr'><strong>fieri</strong></span> <span class='ocrx_word' id='word_1_467' title='bbox 219 2870 347 2910; x_wconf 82' lang='lat' dir='ltr'><strong>possint,</strong></span> <span class='ocrx_word' id='word_1_468' title='bbox 363 2872 454 2902; x_wconf 78' lang='lat' dir='ltr'><strong>variis</strong></span> <span class='ocrx_word' id='word_1_469' title='bbox 467 2871 622 2903; x_wconf 87' lang='lat' dir='ltr'><strong>methodis</strong></span> <span class='ocrx_word' id='word_1_470' title='bbox 636 2882 730 2912; x_wconf 84' lang='lat' dir='ltr'><strong>supra</strong></span> <span class='ocrx_word' id='word_1_471' title='bbox 744 2872 954 2912; x_wconf 85' lang='lat' dir='ltr'>exposuimus.</span> <span class='ocrx_word' id='word_1_472' title='bbox 1020 2872 1121 2902; x_wconf 83' lang='lat' dir='ltr'><strong>remia</strong></span> <span class='ocrx_word' id='word_1_473' title='bbox 1148 2872 1228 2901; x_wconf 83' lang='lat' dir='ltr'><strong>inter</strong></span> <span class='ocrx_word' id='word_1_474' title='bbox 1256 2879 1348 2901; x_wconf 86' lang='lat' dir='ltr'><strong>axem</strong></span> <span class='ocrx_word' id='word_1_475' title='bbox 1382 2869 1531 2910; x_wconf 82' lang='lat' dir='ltr'><strong>majorem</strong></span> <span class='ocrx_word' id='word_1_476' title='bbox 1559 2867 1667 2898; x_wconf 85' lang='lat' dir='ltr'><strong>orbitae</strong></span> <span class='ocrx_word' id='word_1_477' title='bbox 1702 2866 1860 2897; x_wconf 80' lang='lat' dir='ltr'><strong>cometicae</strong></span> 
     </span>
    </p>

    <p class='ocr_par' dir='ltr' id='par_1_10' title="bbox 137 2909 1861 3041">
     <span class='ocr_line' id='line_1_43' title="bbox 181 2909 1859 2955; baseline -0.004 -10"><span class='ocrx_word' id='word_1_478' title='bbox 181 2913 228 2954; x_wconf 94' lang='grc'>(3)</span> <span class='ocrx_word' id='word_1_479' title='bbox 246 2915 267 2933; x_wconf 58' lang='lat'><strong>¹*</strong></span> <span class='ocrx_word' id='word_1_480' title='bbox 281 2915 327 2945; x_wconf 81' lang='lat' dir='ltr'><strong>Et</strong></span> <span class='ocrx_word' id='word_1_481' title='bbox 348 2915 412 2945; x_wconf 72' lang='lat' dir='ltr'><strong>aris</strong></span> <span class='ocrx_word' id='word_1_482' title='bbox 432 2914 547 2954; x_wconf 56' lang='lat' dir='ltr'><strong>‘major</strong></span> <span class='ocrx_word' id='word_1_483' title='bbox 552 2915 635 2946; x_wconf 87' lang='lat' dir='ltr'><strong>orbis</strong></span> <span class='ocrx_word' id='word_1_484' title='bbox 655 2916 724 2955; x_wconf 86' lang='lat' dir='ltr'><strong>ejus</strong></span> <span class='ocrx_word' id='word_1_485' title='bbox 749 2917 807 2946; x_wconf 81' lang='lat' dir='ltr'><strong>erit</strong></span> <span class='ocrx_word' id='word_1_486' title='bbox 827 2915 867 2945; x_wconf 83' lang='lat' dir='ltr'><strong>ad</strong></span> <span class='ocrx_word' id='word_1_487' title='bbox 888 2917 1107 2946; x_wconf 65' lang='grc'><strong>8181111778</strong></span> <span class='ocrx_word' id='word_1_488' title='bbox 1122 2912 1340 2945; x_wconf 76' lang='lat' dir='ltr'><strong>etdistantiam</strong></span> <span class='ocrx_word' id='word_1_489' title='bbox 1355 2911 1536 2951; x_wconf 79' lang='lat' dir='ltr'><strong>peribeliam</strong></span> <span class='ocrx_word' id='word_1_490' title='bbox 1548 2914 1602 2948; x_wconf 83' lang='lat'>29,</span> <span class='ocrx_word' id='word_1_491' title='bbox 1611 2909 1670 2941; x_wconf 82' lang='lat' dir='ltr'><strong>erit</strong></span> <span class='ocrx_word' id='word_1_492' title='bbox 1679 2909 1859 2940; x_wconf 76' lang='lat' dir='ltr'><strong>earumdem</strong></span> 
     </span>
     <span class='ocr_line' id='line_1_44' title="bbox 137 2952 1861 2998; baseline -0.002 -13"><span class='ocrx_word' id='word_1_493' title='bbox 137 2957 287 2997; x_wconf 82' lang='lat' dir='ltr'><strong>majorem</strong></span> <span class='ocrx_word' id='word_1_494' title='bbox 314 2957 397 2986; x_wconf 84' lang='lat' dir='ltr'><strong>orbis</strong></span> <span class='ocrx_word' id='word_1_495' title='bbox 419 2957 526 2998; x_wconf 86' lang='lat' dir='ltr'><strong>magni</strong></span> <span class='ocrx_word' id='word_1_496' title='bbox 548 2964 586 2988; x_wconf 85' lang='lat' dir='ltr'><strong>ut</strong></span> <span class='ocrx_word' id='word_1_497' title='bbox 608 2958 696 2989; x_wconf 81' lang='lat' dir='ltr'><strong>radix</strong></span> <span class='ocrx_word' id='word_1_498' title='bbox 720 2958 829 2989; x_wconf 83' lang='lat' dir='ltr'><strong>cubica</strong></span> <span class='ocrx_word' id='word_1_499' title='bbox 853 2958 977 2988; x_wconf 87' lang='lat' dir='ltr'><strong>numeri</strong></span> <span class='ocrx_word' id='word_1_500' title='bbox 1019 2959 1155 2997; x_wconf 86' lang='lat' dir='ltr'><strong>partium</strong></span> <span class='ocrx_word' id='word_1_501' title='bbox 1172 2959 1264 2991; x_wconf 78' lang='lat'>1749.</span> <span class='ocrx_word' id='word_1_502' title='bbox 1287 2953 1380 2995; x_wconf 74' lang='lat' dir='ltr'><strong>ideoq</strong></span> <span class='ocrx_word' id='word_1_503' title='bbox 1382 2964 1422 2985; x_wconf 87' lang='lat' dir='ltr'><strong>ue</strong></span> <span class='ocrx_word' id='word_1_504' title='bbox 1434 2953 1579 2984; x_wconf 83' lang='lat' dir='ltr'><strong>distantia</strong></span> <span class='ocrx_word' id='word_1_505' title='bbox 1593 2952 1714 2992; x_wconf 84' lang='lat' dir='ltr'><strong>aphelia</strong></span> <span class='ocrx_word' id='word_1_506' title='bbox 1733 2958 1861 2982; x_wconf 87' lang='lat' dir='ltr'><strong>cometae</strong></span> 
     </span>
     <span class='ocr_line' id='line_1_45' title="bbox 138 2995 1861 3041; baseline -0.003 -12"><span class='ocrx_word' id='word_1_507' title='bbox 138 3002 178 3029; x_wconf 85' lang='lat'><strong>75</strong></span> <span class='ocrx_word' id='word_1_508' title='bbox 197 3002 231 3035; x_wconf 90' lang='grc'><strong>&gt;&lt;</strong></span> <span class='ocrx_word' id='word_1_509' title='bbox 251 3001 291 3029; x_wconf 91' lang='grc'><strong>75</strong></span> <span class='ocrx_word' id='word_1_510' title='bbox 306 2998 346 3029; x_wconf 81' lang='lat' dir='ltr'><strong>ad</strong></span> <span class='ocrx_word' id='word_1_511' title='bbox 366 3003 378 3028; x_wconf 84' lang='lat'>1</span> <span class='ocrx_word' id='word_1_512' title='bbox 398 2999 503 3040; x_wconf 88' lang='lat'>(172).</span> <span class='ocrx_word' id='word_1_513' title='bbox 1019 3000 1117 3041; x_wconf 86' lang='lat' dir='ltr'><strong>hujus</strong></span> <span class='ocrx_word' id='word_1_514' title='bbox 1129 3010 1150 3030; x_wconf 89' lang='grc'><strong>8</strong></span> <span class='ocrx_word' id='word_1_515' title='bbox 1165 2999 1238 3030; x_wconf 88' lang='lat' dir='ltr'><strong>Sole</strong></span> <span class='ocrx_word' id='word_1_516' title='bbox 1248 2999 1307 3028; x_wconf 83' lang='lat' dir='ltr'><strong>erit</strong></span> <span class='ocrx_word' id='word_1_517' title='bbox 1317 2997 1358 3029; x_wconf 84' lang='lat' dir='ltr'><strong>ad</strong></span> <span class='ocrx_word' id='word_1_518' title='bbox 1368 2997 1545 3028; x_wconf 69' lang='lat' dir='ltr'><strong>distantiam</strong></span> <span class='ocrx_word' id='word_1_519' title='bbox 1556 2995 1742 3026; x_wconf 83' lang='lat' dir='ltr'><strong>mediocrem</strong></span> <span class='ocrx_word' id='word_1_520' title='bbox 1755 2995 1861 3026; x_wconf 83' lang='lat' dir='ltr'>Terrae</span> 
     </span>
    </p>

    <p class='ocr_par' dir='ltr' id='par_1_11' title="bbox 136 3037 1862 3212">
     <span class='ocr_line' id='line_1_46' title="bbox 181 3037 1862 3082; baseline -0.003 -10"><span class='ocrx_word' id='word_1_521' title='bbox 181 3041 226 3081; x_wconf 76' lang='lat'>(¹²)</span> <span class='ocrx_word' id='word_1_522' title='bbox 241 3043 257 3060; x_wconf 71' lang='lat'><strong>¹*</strong></span> <span class='ocrx_word' id='word_1_523' title='bbox 273 3043 315 3072; x_wconf 85' lang='grc' dir='ltr'><strong>Ει</strong></span> <span class='ocrx_word' id='word_1_524' title='bbox 331 3043 477 3073; x_wconf 78' lang='lat' dir='ltr'><strong>distantia</strong></span> <span class='ocrx_word' id='word_1_525' title='bbox 493 3044 621 3082; x_wconf 79' lang='lat' dir='ltr'><strong>aphelia.</strong></span> <span class='ocrx_word' id='word_1_526' title='bbox 664 3043 822 3080; x_wconf 85' lang='lat' dir='ltr'><strong>Quoniam</strong></span> <span class='ocrx_word' id='word_1_527' title='bbox 835 3042 979 3074; x_wconf 83' lang='lat' dir='ltr'><strong>distantia</strong></span> <span class='ocrx_word' id='word_1_528' title='bbox 1021 3053 1042 3073; x_wconf 88' lang='grc'><strong>8</strong></span> <span class='ocrx_word' id='word_1_529' title='bbox 1064 3042 1136 3073; x_wconf 78' lang='lat' dir='ltr'><strong>Sole</strong></span> <span class='ocrx_word' id='word_1_530' title='bbox 1157 3049 1194 3072; x_wconf 85' lang='lat' dir='ltr'><strong>ut</strong></span> <span class='ocrx_word' id='word_1_531' title='bbox 1217 3044 1299 3073; x_wconf 80' lang='lat'>1749</span> <span class='ocrx_word' id='word_1_532' title='bbox 1320 3040 1362 3071; x_wconf 78' lang='lat' dir='ltr'><strong>ad</strong></span> <span class='ocrx_word' id='word_1_533' title='bbox 1384 3043 1436 3078; x_wconf 87' lang='lat'>29,</span> <span class='ocrx_word' id='word_1_534' title='bbox 1451 3040 1512 3070; x_wconf 89' lang='lat' dir='ltr'><strong>hoc</strong></span> <span class='ocrx_word' id='word_1_535' title='bbox 1532 3044 1588 3075; x_wconf 72' lang='lat' dir='ltr'><strong>est,</strong></span> <span class='ocrx_word' id='word_1_536' title='bbox 1604 3044 1640 3068; x_wconf 84' lang='lat' dir='ltr'><strong>ut</strong></span> <span class='ocrx_word' id='word_1_537' title='bbox 1654 3041 1696 3069; x_wconf 82' lang='lat'><strong>35</strong></span> <span class='ocrx_word' id='word_1_538' title='bbox 1711 3037 1752 3068; x_wconf 87' lang='lat' dir='ltr'><strong>ad</strong></span> <span class='ocrx_word' id='word_1_539' title='bbox 1769 3041 1783 3068; x_wconf 88' lang='lat'>1</span> <span class='ocrx_word' id='word_1_540' title='bbox 1801 3039 1862 3067; x_wconf 75' lang='lat' dir='ltr'><strong>cir-</strong></span> 
     </span>
     <span class='ocr_line' id='line_1_47' title="bbox 137 3083 1104 3123; baseline 0.004 -11"><span class='ocrx_word' id='word_1_541' title='bbox 137 3083 284 3122; x_wconf 79' lang='lat' dir='ltr'><strong>perihelia</strong></span> <span class='ocrx_word' id='word_1_542' title='bbox 308 3090 438 3114; x_wconf 87' lang='lat' dir='ltr'><strong>cometae</strong></span> <span class='ocrx_word' id='word_1_543' title='bbox 461 3094 482 3115; x_wconf 80' lang='lat' dir='ltr'><strong>a</strong></span> <span class='ocrx_word' id='word_1_544' title='bbox 508 3085 579 3115; x_wconf 83' lang='lat' dir='ltr'><strong>Sole</strong></span> <span class='ocrx_word' id='word_1_545' title='bbox 603 3092 667 3116; x_wconf 83' lang='lat' dir='ltr'><strong>erat</strong></span> <span class='ocrx_word' id='word_1_546' title='bbox 688 3090 804 3123; x_wconf 83' lang='lat'>58680,</span> <span class='ocrx_word' id='word_1_547' title='bbox 825 3087 976 3117; x_wconf 83' lang='lat' dir='ltr'><strong>existente</strong></span> <span class='ocrx_word' id='word_1_548' title='bbox 1019 3085 1104 3116; x_wconf 79' lang='lat' dir='ltr'><strong>citer-</strong></span> 
     </span>
     <span class='ocr_line' id='line_1_48' title="bbox 138 3121 1857 3169; baseline -0.002 -14"><span class='ocrx_word' id='word_1_549' title='bbox 138 3126 225 3156; x_wconf 80' lang='lat' dir='ltr'><strong>radio</strong></span> <span class='ocrx_word' id='word_1_550' title='bbox 247 3126 330 3156; x_wconf 83' lang='lat' dir='ltr'><strong>orbis</strong></span> <span class='ocrx_word' id='word_1_551' title='bbox 351 3127 457 3167; x_wconf 83' lang='lat' dir='ltr'><strong>magni</strong></span> <span class='ocrx_word' id='word_1_552' title='bbox 484 3131 608 3159; x_wconf 83' lang='grc'><strong>100000</strong></span> <span class='ocrx_word' id='word_1_553' title='bbox 628 3130 686 3159; x_wconf 82' lang='lat' dir='ltr'><strong>erit</strong></span> <span class='ocrx_word' id='word_1_554' title='bbox 701 3129 807 3159; x_wconf 76' lang='lat' dir='ltr'><strong>eadem</strong></span> <span class='ocrx_word' id='word_1_555' title='bbox 831 3129 991 3159; x_wconf 76' lang='lat' dir='ltr'><strong>distantia.</strong></span> <span class='ocrx_word' id='word_1_556' title='bbox 1012 3159 1016 3165; x_wconf 75' lang='grc'><strong>,</strong></span> <span class='ocrx_word' id='word_1_557' title='bbox 1062 3127 1108 3169; x_wconf 93' lang='grc'>(3)</span> <span class='ocrx_word' id='word_1_558' title='bbox 1141 3130 1158 3147; x_wconf 69' lang='grc'>*</span> <span class='ocrx_word' id='word_1_559' title='bbox 1194 3128 1310 3163; x_wconf 75' lang='lat' dir='ltr'><strong>Quibus</strong></span> <span class='ocrx_word' id='word_1_560' title='bbox 1339 3126 1476 3166; x_wconf 67' lang='lat' dir='ltr'><strong>cognitis.</strong></span> <span class='ocrx_word' id='word_1_561' title='bbox 1538 3124 1619 3167; x_wconf 81' lang='lat' dir='ltr'>(Per</span> <span class='ocrx_word' id='word_1_562' title='bbox 1647 3124 1740 3155; x_wconf 77' lang='lat' dir='ltr'>Pron.</span> <span class='ocrx_word' id='word_1_563' title='bbox 1775 3121 1857 3153; x_wconf 80' lang='lat' dir='ltr'><strong>XX.</strong></span> 
     </span>
     <span class='ocr_line' id='line_1_49' title="bbox 136 3168 1163 3212; baseline 0.004 -14"><span class='ocrx_word' id='word_1_564' title='bbox 136 3168 283 3207; x_wconf 79' lang='lat' dir='ltr'><strong>periheiia</strong></span> <span class='ocrx_word' id='word_1_565' title='bbox 298 3173 349 3206; x_wconf 78' lang='lat'><strong>29,</strong></span> <span class='ocrx_word' id='word_1_566' title='bbox 372 3169 490 3200; x_wconf 80' lang='lat' dir='ltr'><strong>circiter</strong></span> <span class='ocrx_word' id='word_1_567' title='bbox 505 3171 654 3203; x_wconf 71' lang='lat' dir='ltr'><strong>existente</strong></span> <span class='ocrx_word' id='word_1_568' title='bbox 668 3172 753 3202; x_wconf 82' lang='lat' dir='ltr'><strong>radio</strong></span> <span class='ocrx_word' id='word_1_569' title='bbox 773 3172 854 3203; x_wconf 85' lang='lat' dir='ltr'><strong>orbis</strong></span> <span class='ocrx_word' id='word_1_570' title='bbox 868 3172 976 3212; x_wconf 75' lang='lat' dir='ltr'><strong>magni</strong></span> <span class='ocrx_word' id='word_1_571' title='bbox 1020 3170 1091 3202; x_wconf 83' lang='lat' dir='ltr'>Lib.</span> <span class='ocrx_word' id='word_1_572' title='bbox 1110 3171 1137 3202; x_wconf 92' lang='lat'><strong>1.</strong></span> <span class='ocrx_word' id='word_1_573' title='bbox 1139 3170 1163 3211; x_wconf 86' lang='lat'><strong>).</strong></span> 
     </span>
    </p>
   </div>
  </div>
 </body>
</html>
