2072 3522
207 280 258 318 32

491 442 868 488 PROPOSITIO
899 440 1080 484 XXXI.

577 266 1025 313 PHILOSOPHIAE
1057 263 1418 334 NATURALIS
1476 262 1571 315 [De
1593 260 1755 305 Mum).
1780 224 1897 305 Srsr.

1142 435 1489 481 PROBLEMA
1519 435 1628 485 XII.

364 563 552 605 Invenire
571 567 712 602 motum
730 558 934 601 horarium
955 557 1143 598 nodorum
1164 554 1296 595 Lunce
1316 554 1360 595 in
1380 552 1472 594 orbe
1489 552 1678 607 elliptico.
1700 551 1749 607 (¹)

262 677 466 734 Designet
487 675 529 725 Q
548 689 577 730 p
597 688 640 715 m
653 688 677 715 a
692 687 720 729 q
740 670 915 727 ellipsin,

206 765 284 793 axe
303 750 459 805 majore
492 747 536 797 Q
572 762 612 802 q,
640 745 801 786 minore
834 759 859 784 a
889 743 918 784 b

206 822 467 877 descriptam,
491 819 535 869 Q
555 820 597 860 A
617 833 645 874 q
666 817 704 859 B
720 815 920 858 circulum

206 893 574 948 circumscriptum,
607 890 648 931 T
678 888 855 930 Terram
874 885 920 926 in

207 967 420 1022 utriusque
451 972 596 1006 centro
630 958 854 1009 communi,
891 957 921 999 S

168 1086 172 1088 ἢ
211 1039 364 1089 Solem,
385 1053 414 1093 p
436 1037 601 1079 Lunam
619 1034 663 1074 in
682 1030 813 1087 ellipsi
833 1044 922 1071 mo-

208 1120 306 1162 tam,
330 1118 370 1152 et
397 1125 427 1165 p
456 1124 499 1150 m
519 1121 661 1149 arcum
680 1117 804 1161 quem
823 1100 921 1144 data

209 1182 406 1238 temporis
430 1177 630 1236 particule
651 1190 772 1233 quam
803 1173 924 1215 mini-

208 1256 276 1298 mt‘i
291 1253 498 1302 describit,
514 1251 557 1293 N
572 1260 613 1292 et
624 1263 654 1289 n
664 1238 797 1289 hodos
815 1243 925 1287 line&

211 1328 256 1370 N
273 1342 303 1368 n
323 1327 503 1383 junctos,
535 1337 565 1378 p
587 1321 630 1363 K
651 1327 692 1362 et
710 1334 755 1360 m
771 1318 803 1360 k
829 1330 926 1372 per-

209 1397 431 1456 pendicula
444 1396 494 1436 in
509 1408 630 1436 axem
647 1391 690 1441 Q
706 1406 734 1447 q
748 1389 927 1431 demissa

211 1480 253 1513 et
284 1470 384 1511 hinc
417 1466 514 1508 inde
542 1463 759 1521 producta,
794 1460 928 1501 donoc

211 1547 432 1586 occurrant
446 1536 600 1580 circulo
615 1535 659 1576 in
681 1534 717 1576 P
737 1541 778 1575 et
798 1531 864 1582 M,
887 1538 929 1572 et

210 1614 332 1656 lineae
346 1610 553 1652 nodorum
567 1607 610 1647 in
623 1606 668 1648 D
681 1613 722 1646 et
733 1604 774 1646 d.
807 1603 852 1659 (⁸)
871 1602 928 1644 Et

214 1687 247 1727 si
269 1686 404 1733 Luna,
419 1681 537 1723 radio
558 1679 612 1721 ad
632 1678 809 1720 Terram
825 1675 926 1717 duc-

213 1765 270 1808 to,
312 1768 451 1797 aream
499 1749 706 1792 describat
753 1746 933 1801 tempori

212 1822 579 1885 proportionalem,
616 1819 694 1862 erit
713 1825 850 1859 motus
870 1815 1059 1857 horarius
1094 1813 1195 1855 nodi
1223 1813 1265 1854 in
1297 1811 1429 1867 ellipsi
1449 1818 1495 1853 ut
1514 1825 1610 1852 area
1639 1823 1669 1865 p
1689 1809 1734 1851 D
1754 1806 1783 1850 d
1803 1822 1845 1849 m
1881 1816 1923 1851 et

216 1902 257 1943 A
279 1900 314 1942 Z
335 1915 362 1956 q
381 1894 645 1953 conjunctim.

259 2001 303 2044 (¹)
321 2002 337 2021 *
351 2002 394 2033 In
407 1999 474 2030 orbe
488 1997 624 2036 elliptico,
640 1994 696 2025 illo
706 2001 819 2031 nempe
830 1991 903 2020 orbe
911 1989 943 2019 in
953 1997 1047 2029 quem

215 2045 319 2086 figura
333 2040 489 2073 circularis
503 2038 609 2069 orbitae
630 2035 747 2068 lunaris
767 2039 906 2064 mutatur
921 2041 975 2070 per
995 2040 1047 2060 ac-

215 2088 335 2118 tionem
352 2084 440 2121 Solis,
467 2082 583 2124 quique
607 2088 697 2110 axem
720 2078 812 2108 habet
837 2075 985 2115 majorem
1010 2071 1051 2103 ad

215 2139 307 2160 axem
322 2128 475 2158 minorem
498 2125 531 2154 in
547 2122 664 2154 ratione
679 2123 729 2153 70.
744 2119 784 2150 ad
800 2122 853 2151 69.
878 2127 933 2157 per
951 2116 1046 2154 Prop.

218 2170 398 2204 XXVIII.
417 2168 556 2209 hujusce.

261 2236 303 2278 (⁸)
328 2238 345 2256 '⁶
364 2236 408 2266 Et
422 2235 448 2265 si
463 2233 559 2264 Luna
573 2230 658 2261 radio
679 2230 721 2259 ad
741 2229 867 2258 Terram
883 2227 973 2255 ducto
993 2225 1045 2253 de-

217 2281 325 2311 scribat
334 2288 437 2308 aream
446 2275 569 2316 tempori
576 2271 838 2313 proportionalem,
848 2268 905 2298 &c.
932 2266 1047 2305 Liquet

218 2332 256 2351 ex
284 2321 378 2359 Prop.
413 2316 591 2349 XXVIII.
648 2310 776 2344 Lunam
808 2313 885 2340 hane
915 2308 1048 2347 ellipsim

219 2364 259 2394 de
281 2363 342 2403 quei
367 2361 469 2402 agitur
494 2359 537 2389 ita
561 2367 626 2388 non
640 2355 809 2386 describere
833 2359 869 2382 ut
893 2361 971 2382 areae
986 2350 1048 2381 sint

219 2405 408 2445 temporibus
430 2399 680 2442 proportionales,
708 2396 762 2428 sed
782 2397 850 2426 haec
870 2392 1047 2433 hypothesis

219 2448 259 2479 ad
273 2447 457 2478 solutionem
467 2445 561 2485 hujus
573 2438 775 2472 Problematis
789 2438 846 2468 erit
860 2434 1046 2470 necessaria3

220 2497 257 2521 ut
270 2490 385 2520 scilicet
402 2489 496 2521 Luna
510 2485 603 2525 possit
617 2483 694 2523 fingi
715 2480 827 2512 versari
842 2479 875 2509 in
889 2484 1006 2516 puncto
1026 2487 1048 2515 p

221 2533 370 2563 ordinatae
398 2531 426 2561 P
443 2529 475 2560 K
500 2527 608 2559 eodem
622 2532 760 2564 tempore
781 2531 844 2564 quo
857 2521 883 2551 si
897 2519 1050 2550 circulum

221 2575 404 2606 describeret
423 2573 456 2602 in
478 2571 545 2612 ejus
559 2568 751 2600 extremitate
780 2567 806 2596 P
830 2568 947 2594 versata
961 2567 1049 2595 esset,

221 2617 305 2658 quod
330 2623 405 2648 tunc
420 2621 542 2646 tautum
556 2613 708 2643 obtineret
732 2609 758 2639 si
778 2608 846 2637 haec
870 2604 985 2643 ellipsis
1008 2604 1050 2633 im

222 2660 409 2691 describatur
430 2663 466 2688 ut
486 2666 564 2687 areae
578 2655 640 2685 sint
654 2649 891 2693 proportionales
905 2646 1051 2686 tempori-

222 2704 302 2741 bus;
326 2708 437 2733 notum
461 2700 545 2730 enim
568 2703 613 2728 est
635 2705 720 2727 areas
745 2691 894 2731 ellipticas
921 2691 950 2721 T
973 2699 993 2728 p
1019 2689 1053 2724 Q

223 2743 463 2785 proportionales
477 2741 542 2771 fore
567 2739 645 2771 areis
661 2738 690 2769 T
708 2737 735 2768 P
753 2736 794 2772 Q,
820 2743 904 2764 areas
928 2733 957 2763 T
975 2732 1003 2762 P
1021 2732 1053 2767 Q

222 2785 463 2827 proportionales
485 2793 550 2814 esse
575 2782 709 2813 arcubus
738 2778 766 2809 P
795 2777 835 2813 Q,
867 2785 956 2806 arcus
979 2772 1051 2804 vero

163 2834 166 2837 “
226 2830 255 2860 Ρ
270 2831 303 2865 Q
315 2827 554 2869 proportionales
568 2823 763 2864 temporibus,
780 2819 806 2850 si
819 2817 947 2860 quidem
963 2818 1053 2847 Luna

225 2872 300 2902 citra
317 2871 396 2902 Solis
410 2869 562 2901 actionem
584 2867 618 2898 in
639 2863 755 2897 circulo
769 2862 840 2899 lata,
857 2859 1053 2891 uniformiter

224 2922 408 2944 moveretur.

269 2955 388 2986 Verum
402 2956 469 2985 haec
490 2953 567 2984 falsa
580 2948 756 2992 hypothesis
770 2946 933 2987 corrigitur
958 2945 990 2975 in
1016 2942 1054 2974 ea

225 2998 387 3029 solutionis
401 2997 495 3036 hujus
511 2994 711 3026 Problematis
725 2996 808 3032 parte
823 2999 892 3030 quae
907 2994 975 3028 post
993 2987 1056 3018 Co-

225 3040 383 3072 ronan-ium
398 3038 548 3080 adjicitur.

270 3096 313 3139 (²)
342 3099 358 3116 ⁹
379 3095 564 3128 Conveniam
579 3097 684 3123 autem
707 3092 752 3122 11ae
773 3093 930 3129 tangentes
951 3087 984 3118 in
1005 3095 1057 3117 axe

1093 1988 1124 2018 T
1140 1988 1165 2021 Q
1180 1986 1221 2016 ad
1241 1986 1276 2015 Y.
1324 1983 1439 2023 Liquet
1460 1991 1496 2013 ex
1519 1986 1584 2012 not.
1601 1983 1674 2012 257.
1692 1978 1763 2010 Lib.
1783 1978 1813 2010 1.
1837 1977 1924 2018 quod

1089 2029 1115 2058 si
1141 2028 1212 2058 duoe
1236 2037 1337 2057 curvae
1353 2034 1552 2056 communem
1574 2033 1665 2054 axem
1679 2023 1837 2058 habentes,
1858 2020 1923 2051 sint

1091 2070 1169 2102 tales
1195 2075 1231 2100 ut
1251 2069 1387 2108 ipsarum
1402 2067 1551 2097 ordinatae
1565 2065 1670 2096 datam
1690 2065 1771 2094 inter
1784 2074 1816 2093 se
1831 2062 1924 2093 ratio-

1092 2123 1164 2143 nem
1180 2117 1309 2148 servent,
1337 2110 1415 2140 etin
1431 2118 1554 2139 summo
1575 2107 1785 2138 ordinatarum
1807 2114 1923 2136 corre·-

1090 2154 1296 2195 pondentium
1311 2153 1466 2184 ducantur
1479 2156 1648 2191 tangentes.
1675 2149 1737 2180 illae
1760 2153 1922 2189 tangentes

1091 2199 1125 2228 in
1150 2196 1260 2227 eodem
1274 2206 1365 2226 axeos
1390 2200 1505 2233 puncto
1519 2197 1727 2228 concurrunt;
1755 2200 1827 2221 nam
1848 2187 1922 2220 cum

1088 2239 1237 2270 ordinatae
1252 2238 1355 2268 datam
1376 2237 1527 2267 rationem
1545 2239 1665 2265 servent
1688 2236 1742 2275 (ex
1757 2230 1920 2272 Hypoth.)

1089 2287 1209 2322 oportet
1223 2288 1260 2311 ut
1280 2281 1415 2319 ipsarum
1426 2278 1576 2308 fluxiones
1595 2275 1736 2306 eamdem
1747 2274 1839 2305 etiam
1858 2283 1922 2304 ser·

1090 2330 1162 2355 vent
1176 2323 1334 2358 rationem,
1361 2321 1404 2351 ita
1418 2327 1454 2350 ut
1468 2319 1546 2350 ratio
1560 2318 1704 2348 fluxionis
1718 2317 1868 2348 ordinate
1881 2314 1923 2346 nd

1089 2367 1260 2398 ordinatam
1274 2365 1382 2403 ipsam,
1405 2361 1513 2393 eadem
1538 2362 1578 2392 sit
1602 2360 1636 2390 in
1659 2358 1789 2400 utrisque
1813 2357 1917 2390 curvi.

1092 2410 1152 2440 Est
1161 2406 1231 2437 vero
1242 2415 1361 2445 semper
1372 2404 1468 2435 fluxio
1482 2403 1630 2434 ordinatoe
1645 2402 1686 2433 ad
1699 2401 1870 2432 ordinatam
1884 2405 1923 2431 ut

1090 2451 1187 2481 fluxio
1202 2449 1340 2480 abscissae
1362 2447 1402 2478 ad
1427 2448 1663 2486 subtangentem
1675 2457 1685 2483 ;
1708 2454 1783 2486 ergo
1805 2443 1840 2474 in
1862 2441 1922 2474 hnc

1090 2491 1260 2532 hypothesi,
1277 2490 1355 2521 ratio
1369 2489 1513 2520 fluxionis
1527 2489 1666 2518 abscissae
1680 2486 1719 2517 ad
1733 2487 1922 2526 subtangen-

1092 2542 1155 2566 tem
1170 2539 1215 2565 est
1229 2533 1320 2564 etiam
1330 2532 1436 2563 eadem
1452 2531 1485 2561 iu
1500 2529 1631 2571 uti-iique
1639 2527 1742 2566 curva,
1758 2528 1811 2559 sed
1823 2527 1922 2558 fluxio

1092 2578 1231 2608 abscisse
1245 2576 1311 2615 ipsa
1325 2582 1372 2606 est
1385 2574 1491 2605 endem
1507 2583 1561 2613 pro
1577 2570 1707 2612 utrinque
1721 2569 1823 2606 curui,
1847 2579 1922 2611 ergo

1093 2620 1186 2650 etism
1211 2618 1398 2659 subtangens
1419 2616 1526 2647 eadem
1551 2620 1605 2651 est,
1632 2613 1704 2644 hine
1728 2614 1833 2653 itaque
1852 2617 1922 2642 tan-

1093 2669 1200 2703 gentes
1214 2662 1247 2691 in
1262 2659 1505 2691 extremitatibus
1517 2657 1726 2688 ordinatarum
1743 2664 1922 2694 correspon-

1094 2704 1235 2735 dentium
1249 2703 1343 2734 ducta
1356 2703 1390 2732 in
1404 2701 1512 2732 eodem
1527 2705 1643 2739 puncto
1660 2707 1750 2729 axem
1764 2698 1924 2739 attingunt

1094 2746 1218 2787 quando
1227 2752 1387 2785 utriusque
1395 2753 1496 2775 curvae
1505 2741 1653 2772 ordinatae
1663 2740 1703 2772 ad
1714 2739 1822 2771 eadem
1830 2747 1923 2770 axem

1094 2795 1210 2829 puncta
1218 2788 1413 2828 pertinentes,
1425 2790 1616 2816 constantem
1627 2784 1777 2814 rationem
1788 2787 1922 2813 servante

1094 2838 1206 2862 notum
1221 2837 1325 2862 autem
1340 2835 1394 2864 est,
1418 2837 1456 2860 ex
1478 2833 1541 2857 not.
1560 2830 1633 2858 247.
1655 2825 1724 2857 Lib.
1745 2825 1773 2856 1.
1800 2823 1884 2865 quod
1897 2822 1925 2853 n*

1094 2873 1229 2905 circulus
1251 2870 1438 2903 describatur
1451 2879 1543 2909 super
1562 2878 1651 2899 axem
1667 2867 1816 2907 ellipseos,
1842 2865 1925 2896 oudi-

1095 2923 1175 2947 natae
1189 2915 1296 2947 circuli
1310 2920 1341 2944 et
1354 2913 1495 2952 ellipseos
1516 2918 1607 2942 erunt
1621 2911 1699 2941 inter
1713 2920 1746 2940 se
1760 2910 1793 2940 in
1808 2908 1926 2939 ratione

1096 2957 1170 2989 dati.
1179 2967 1270 2989 axeos
1278 2955 1451 2990 communis
1463 2953 1578 2984 circulo
1592 2960 1623 2984 et
1633 2953 1732 2992 ellipsi
1744 2951 1783 2982 ad
1794 2951 1927 2982 alterum

1098 3000 1356 3037 axem‚siveesse
1380 2997 1458 3028 PK
1481 2996 1521 3027 ad
1541 2996 1614 3036 pK
1635 2996 1719 3026 utA
1738 2994 1767 3025 T
1787 2992 1828 3024 nd
1848 2992 1925 3027 ιΤ.

1100 3043 1174 3074 hinc
1189 3052 1263 3083 ergo
1277 3046 1438 3082 tangentes
1453 3040 1485 3069 in
1501 3039 1624 3078 punctis
1641 3038 1668 3069 P
1683 3044 1713 3068 et
1726 3047 1747 3077 p
1761 3035 1863 3067 ductae
1878 3034 1928 3065 axi

1100 3091 1260 3117 occurrent
1274 3084 1306 3114 in
1322 3082 1430 3114 eodem
1445 3087 1560 3122 puncto
1577 3081 1616 3112 Y.
