2072 3522
124 251 277 296 Lam
289 254 529 305 Tuum]
551 224 891 296 'PRmcuuA
921 229 1414 295 MATHEMATICA.
1548 266 1553 269 ·
1760 257 1847 297 147

124 371 305 427 primam
324 377 367 411 et
385 368 624 419 secundam,
646 367 714 410 W
730 374 896 422 tempus
915 366 1023 408 inter
1040 363 1264 406 secundam
1284 376 1332 406 ac
1350 362 1526 413 tertiam,
1550 362 1596 407 X
1615 361 1843 418 longitudi-

127 456 239 492 nem,
269 455 396 497 quam
423 447 585 481 cometa
612 445 702 480 toto
728 437 801 478 illo
829 444 1017 491 tempore
1044 434 1095 477 ea
1124 448 1218 476 cum
1239 433 1470 482 velocitate,
1500 447 1626 489 quam
1652 431 1781 474 habet
1798 432 1844 477 in

127 513 327 555 mediocri
368 511 551 554 Telluris
590 526 617 552 a
665 510 763 562 Sole
796 508 1003 560 distantia,
1045 507 1280 550 describere
1316 514 1459 562 posset
1471 521 1484 556 ;
1532 519 1708 562 quaeque
1747 508 1841 560 (per

125 584 269 627 corel.
292 590 332 626 3.
358 583 484 638 Prop.
508 581 608 624 XL.
630 580 725 622 Lib.
748 580 852 632 ΙΙΙ.)
881 579 1129 621 invenienda
1157 586 1231 628 est,
1261 585 1304 619 et
1321 586 1340 619 t
1359 577 1400 619 V
1425 575 1769 632 perpendiculum
1795 575 1841 618 in

124 656 329 699 chordam
361 655 403 697 T
434 672 466 695 r.
527 653 579 695 In
608 653 823 695 observata
851 650 1112 709 longitudine
1139 649 1276 692 media
1303 658 1322 691 t
1351 649 1389 691 B
1418 656 1603 691 sumatur
1631 656 1842 704 utcunque

123 1500 326 1550 punctum
346 1492 386 1535 B
410 1505 490 1547 pro
516 1490 611 1532 loco
639 1495 811 1531 cometae
838 1488 884 1529 in
911 1487 1039 1543 plano
1058 1485 1272 1542 eclipticae‚
1294 1494 1335 1528 et
1362 1486 1461 1528 inde
1480 1500 1621 1529 versus
1643 1487 1783 1530 Solem
1805 1489 1837 1531 S

128 1568 304 1609 ducatur
321 1566 432 1607 linea
459 1564 498 1606 B
519 1564 571 1614 E,
594 1577 689 1619 quae
709 1562 763 1603 sit
781 1561 835 1603 ad
855 1560 1047 1617 sagittam
1065 1568 1083 1601 t
1102 1559 1156 1609 V,
1178 1567 1226 1600 ut
1243 1566 1482 1601 contentum
1502 1560 1580 1602 sub
1603 1561 1634 1602 S
1655 1561 1755 1615 Bbet
1776 1562 1807 1604 S
1821 1569 1840 1604 t

129 1637 252 1695 quad.
283 1637 339 1679 ad
366 1636 520 1679 cubum
549 1634 822 1690 hypotenusae
849 1630 1046 1688 trianguli
1073 1630 1315 1687 rectangnssi,
1346 1631 1463 1686 cujus
1482 1631 1611 1674 latera
1629 1640 1727 1674 sunt
1746 1633 1777 1675 S
1798 1632 1838 1677 B

125 1711 178 1765 (Ἰ)
209 1716 251 1751 et
278 1717 454 1766 tangens
481 1704 902 1748 latitudinis-cometae
918 1703 965 1743 in
985 1701 1272 1743 observatione
1291 1701 1471 1743 secunda
1492 1702 1547 1747 ad
1563 1703 1728 1744 radium
1746 1711 1765 1746 t
1784 1704 1836 1747 Β.

126 1781 184 1823 Et
209 1795 286 1836 per
314 1786 516 1836 punctum
546 1776 585 1818 E
612 1783 760 1833 agatur
787 1777 880 1830 (per
907 1772 1031 1828 hujus
1060 1771 1180 1814 Lem.
1202 1771 1324 1824 VII.)
1354 1779 1467 1814 recta
1495 1773 1538 1815 A
1568 1773 1607 1815 E
1639 1773 1688 1824 C,
1719 1775 1836 1830 cujus

120 1860 260 1908 partes
290 1850 332 1892 A
361 1849 415 1900 E,
446 1848 486 1892 E
507 1847 559 1899 C,
590 1846 646 1888 ad
672 1852 806 1888 rectas
835 1844 878 1886 T
897 1844 939 1885 A
968 1850 1010 1885 et
1040 1842 1078 1885 C
1099 1858 1120 1882 e
1148 1842 1392 1894 terminatae,
1422 1843 1577 1886 sintad
1595 1843 1770 1886 invicem
1789 1853 1837 1887 ut

121 1911 310 1976 temfiora
327 1919 369 1961 V
388 1926 431 1960 et
450 1918 541 1960 W:
574 1916 623 1972 (r)
644 1923 687 1957 et
714 1921 838 1957 erunt
857 1914 899 1955 A
919 1919 961 1954 et
981 1912 1019 1954 C
1047 1912 1140 1954 loca
1159 1920 1332 1954 cometae
1354 1913 1398 1954 in
1423 1913 1550 1969 plano
1570 1913 1772 1969 eclipticae
1788 1915 1835 1957 in

164 2031 212 2074 (ιι)
242 2032 262 2051 0
291 2031 338 2063 Eg
362 2035 492 2070 tangam
518 2027 702 2060 latitudinis*
716 2033 847 2059 cometae.
901 2026 956 2060 Ex
998 2030 1046 2058 ter
1066 2024 1170 2064 ducta,
1193 2032 1326 2068 tangens
1345 2027 1518 2060 latitudinis
1535 2031 1753 2062 obsenataeex
1766 2030 1835 2063 tad

121 2081 238 2115 puncto
254 2073 298 2111 B,
318 2072 360 2104 ad
372 2072 503 2112 planum
515 2069 665 2110 eclipticae
678 2076 779 2101 erecta
799 2068 954 2110 intelliga-
997 2067 1122 2100 radium
1135 2074 1150 2100 t
1164 2070 1205 2108 B,
1220 2076 1303 2108 patet
1315 2076 1469 2109 puuctum
1483 2071 1516 2102 R
1530 2082 1596 2103 esse
1609 2083 1716 2104 verum
1731 2083 1834 2105 eome-

121 2123 174 2148 ωι-
187 2115 342 2151 normalis,
357 2116 425 2145 haec
433 2113 491 2145 erit
500 2119 631 2154 tangens
642 2111 815 2152 latitudinis
826 2117 955 2143 eometae
998 2116 1041 2142 tae
1054 2111 1169 2150 locum,
1191 2118 1284 2152 atque
1306 2112 1339 2143 R
1356 2112 1379 2143 S
1392 2113 1568 2144 dismmiam
1583 2122 1712 2147 cometa
1724 2126 1747 2146 a
1761 2116 1834 2152 Sole

120 2161 156 2191 in
168 2156 306 2191 secunda
318 2156 537 2194 observatione,
552 2161 677 2196 sumpto
690 2161 704 2186 t
720 2155 749 2186 Β
763 2164 820 2195 pro
833 2154 929 2185 radio-
996 2152 1031 2183 in
1045 2154 1254 2184 observatione
1267 2153 1413 2185 secunda.
1447 2155 1510 2186 Per
1525 2157 1567 2193 E,
1579 2164 1690 2197 agatur
1705 2158 1736 2188 E
1748 2168 1776 2195 e,
1792 2159 1835 2189 ad

998 2195 1029 2225 B
1049 2196 1092 2232 R,
1107 2195 1252 2234 parallela
1265 2206 1336 2236 quae
1358 2197 1428 2238 (per
1444 2197 1537 2237 Pmp.
1558 2199 1662 2230 VIII.
1677 2200 1748 2231 Lib-
1768 2201 1833 2232 XI.

1001 2237 1124 2277 Elem.)
1140 2238 1288 2268 normalis
1301 2244 1347 2268 est
1360 2238 1402 2269 ad
1415 2240 1545 2277 planum
1557 2241 1717 2280 eclipticae,
1734 2243 1832 2283 jacet-

996 2289 1058 2320 que
1071 2280 1105 2309 in
1119 2280 1212 2319 plano
1225 2280 1374 2322 trianguli
1398 2281 1420 2312 S
1437 2283 1466 2312 B
1482 2283 1522 2317 R,
1539 2290 1680 2315 occurrat
1692 2285 1759 2315 haec
1772 2285 1834 2324 ipsi

1001 2322 1163 2353 SRine.
1210 2322 1285 2354 Jam
1307 2322 1379 2354 vero
1399 2325 1574 2362 rectane,
1596 2326 1695 2357 estad
1716 2333 1834 2358 rectam

997 2370 1011 2394 t
1027 2364 1068 2401 V,
1091 2364 1125 2394 in
1145 2365 1264 2396 ratione
1284 2365 1454 2405 composita
1473 2377 1512 2399 ex
1536 2368 1608 2404 Re,
1632 2369 1672 2400 ad
1690 2370 1719 2400 B
1742 2370 1784 2406 Ε,
1802 2376 1833 2401 et

999 2406 1030 2437 Β
1048 2407 1079 2438 Ε
1100 2407 1142 2438 ad
1166 2414 1180 2438 t
1196 2408 1237 2439 V.
1286 2408 1347 2438 Sed
1374 2409 1444 2450 (per
1469 2410 1563 2450 Prop.
1579 2411 1645 2442 xl.
1671 2412 1742 2443 Lib.
1762 2413 1827 2443 VI.

999 2449 1124 2490 Elem.)
1143 2450 1319 2481 Reaetad
1337 2450 1466 2483 BEut
1484 2453 1608 2483 RSad
1627 2455 1829 2485 BSetBE

996 2498 1043 2523 est
1063 2492 1103 2522 ad
1124 2493 1194 2530 tV,
1214 2498 1251 2523 ut
1272 2492 1351 2522 St²
1370 2497 1403 2530 ><
1424 2495 1674 2527 sBadSR3.
1724 2496 1831 2533 Quare

997 2533 1029 2564 E
1045 2544 1064 2564 e
1078 2541 1124 2565 est
1137 2534 1178 2565 ad
1192 2542 1206 2566 t
1222 2535 1262 2571 V,
1286 2535 1321 2564 in
1341 2535 1461 2567 mione
1476 2538 1647 2576 composita
1661 2548 1699 2569 ex
1713 2540 1832 2571 mione

998 2577 1399 2614 SRast‚etratione
1422 2579 1554 2617 St²><
1576 2580 1832 2612 SBadcubum

995 2625 1087 2650 rectae
1103 2620 1126 2650 S
1143 2620 1192 2658 B;
1214 2619 1293 2650 ratio
1306 2626 1412 2650 autem
1426 2631 1497 2661 quae
1511 2632 1551 2653 ex
1565 2623 1631 2653 istis
1645 2623 1726 2654 binis
1745 2632 1833 2655 com-

997 2661 1125 2701 ponitur
1138 2662 1246 2693 eadem
1261 2669 1306 2693 est
1324 2672 1396 2692 cum
1411 2664 1530 2695 ratione
1552 2665 1575 2695 S
1589 2672 1603 2695 t
1617 2667 1633 2684 ²
1655 2665 1696 2696 ad
1711 2666 1734 2697 S
1757 2667 1789 2697 R
1803 2668 1831 2704 ²,

995 2704 1697 2741 hincReaetadBE,utst²adSB².
1747 2709 1833 2745 Quia

996 2746 1069 2777 vert}
1083 2752 1097 2776 t
1111 2747 1144 2778 V
1158 2753 1205 2778 est
1223 2746 1352 2788 aequalis
1366 2749 1601 2788 quamproxime
1613 2750 1763 2791 quadrato
1782 2762 1831 2782 ar-

996 2789 1052 2819 cus
1067 2789 1097 2820 T
1111 2795 1125 2819 t
1137 2799 1192 2829 per
1205 2787 1390 2820 diametrum
1405 2792 1487 2822 orbis
1499 2792 1605 2833 magni
1625 2792 1724 2823 diviso
1739 2794 1827 2835 (182.

999 2831 1071 2863 Lib.
1091 2831 1139 2871 Ι.)
1163 2832 1221 2862 erit
1244 2838 1328 2862 recta
1352 2838 1366 2862 t
1382 2832 1423 2869 V,
1442 2834 1676 2874 quamproxime
1698 2836 1832 2874 spatium

996 2884 1052 2913 per
1065 2875 1150 2913 quod
1166 2875 1262 2905 Terra
1276 2884 1295 2904 e
1308 2874 1410 2915 quiete
1424 2875 1556 2907 demissa
1570 2877 1600 2906 vi
1622 2887 1687 2907 suae
1700 2879 1832 2919 gravita-

996 2916 1036 2946 tis
1057 2916 1179 2947 caderet
1198 2927 1304 2947 versus
1330 2917 1443 2954 solem,
1467 2919 1545 2949 dum
1568 2919 1723 2950 semissem
1744 2921 1832 2953 arcus

999 2958 1029 2989 T
1039 2965 1062 2995 t,
1075 2958 1231 2994 describet,
1243 2960 1269 2989 si
1278 2958 1387 2989 eadem
1399 2961 1514 3001 ubique
1525 2962 1672 3002 gravitate
1682 2963 1832 2995 accelera-

996 3000 1071 3031 trice
1085 3001 1281 3032 uniformiter
1295 3001 1476 3034 continuata
1489 3013 1652 3043 urgeretur
1661 3006 1724 3045 quii
1738 3016 1833 3047 urge-

121 3031 143 3045 Γ
164 3032 209 3075 (‘)
221 3035 238 3053 ·
252 3034 298 3065 Ee
311 3040 403 3066 erunt
413 3035 446 3066 A
458 3042 488 3068 et
505 3038 532 3069 C
541 3039 606 3070 loca
620 3047 753 3072 comete.
796 3042 955 3078 Quoniam
995 3049 1047 3074 tur
1061 3042 1094 3073 in
1107 3043 1177 3074 loco
1190 3049 1213 3081 t,
1231 3046 1317 3086 (202.
1337 3044 1410 3075 Lib.
1429 3045 1478 3086 Ι.)
1524 3046 1680 3078 Ριεειετεὲ
1699 3050 1834 3089 gravitas

124 3075 177 3115 (ex
201 3076 292 3116 hyp.)
322 3077 350 3107 Β
380 3082 426 3107 est
453 3079 617 3120 vestigium
640 3089 769 3113 cometae
797 3084 831 3114 in
859 3085 955 3124 plano
995 3086 1188 3116 accelerati-ix
1205 3096 1310 3116 ven-xus
1327 3086 1430 3118 Solem
1444 3089 1478 3119 in
1492 3089 1561 3120 loco
1574 3096 1598 3125 t.
1616 3096 1662 3120 est
1675 3091 1716 3121 ad
1729 3093 1833 3131 gravi-

123 3117 279 3156 eclipticoe,
296 3127 326 3150 et
349 3120 377 3150 B
398 3121 428 3150 R
449 3120 488 3151 ad
502 3122 631 3160 planum
647 3125 793 3165 eclipticae
808 3129 954 3159 normali·
998 3133 1093 3160 tatem
1113 3128 1356 3161 acceleratricem
1378 3140 1483 3163 versus
1497 3131 1631 3164 eundem
1646 3133 1679 3164 in
1701 3134 1769 3164 loco
1787 3134 1837 3172 R„
