2072 3522
245 299 299 335 30
649 289 1096 334 PHILOSOPHIAE
1127 288 1487 333 NATURALIS
1517 292 1612 344 [Da
1635 292 1799 335 Mum).
1823 294 1944 336 Srsr.

305 408 435 450 Corol.
460 412 477 447 1
486 437 496 447 .

558 405 678 447 Hinc.
695 405 728 447 si
750 420 775 446 a
795 405 880 446 dati
899 404 1019 446 arcfis
1040 403 1164 460 quam
1184 402 1344 443 minimi
1368 402 1404 444 P
1427 403 1479 444 M
1498 404 1683 462 terminis
1705 405 1742 447 P
1761 414 1803 447 et
1824 405 1876 447 M
1895 406 1950 448 ad

244 477 396 519 lineam
416 475 685 533 quadraturas
712 476 958 532 jungentem
978 475 1066 544 an
1088 473 1357 515 demittantur
1376 474 1672 529 perpendicula
1693 475 1729 517 P
1751 475 1808 528 K,
1831 476 1884 518 M
1903 475 1946 528 k,

243 550 469 605 eademque
489 548 771 604 producantur
786 548 918 590 donec
934 556 1073 589 secent

243 621 395 662 lineam
414 619 620 662 nodorum
641 620 683 662 N
704 635 732 661 n
752 619 795 660 in
816 620 860 661 D
875 627 916 661 et
931 620 958 660 d
965 635 975 669 3
993 620 1070 662 erit

242 699 378 734 motus
415 691 605 734 horarius
646 686 853 733 nodorum
890 699 936 732 ut
975 706 1070 733 area

244 762 297 805 M
319 763 355 805 P
374 763 419 805 D
439 762 468 804 d
496 770 538 805 et
557 762 803 819 quadratum
831 762 951 804 lineae
972 763 1012 803 A
1035 762 1069 804 Z

241 835 504 892 conjunctim.
547 837 680 879 Sunto
700 836 811 878 enim
833 837 870 878 P
887 836 942 886 K,
967 836 1003 876 P
1021 834 1070 876 H

239 916 280 949 et
301 908 342 949 A
360 908 394 949 Z
413 907 601 962 praedicti
621 915 704 949 tres
720 908 844 949 sinus.
906 907 1070 962 Nempe

241 978 278 1020 P
300 978 342 1020 K
372 978 484 1037 sinus
505 979 710 1020 distantiae
741 979 876 1026 Lunae
896 994 921 1020 a
939 978 1069 1034 quad-

237 1049 390 1100 ratura,
417 1051 452 1092 P
468 1051 516 1092 H
538 1051 650 1092 sinus
671 1050 874 1092 distantiae
891 1051 1026 1092 Lunae
1045 1066 1070 1092 a

232 1121 363 1171 nodo,
395 1130 438 1163 et
467 1122 507 1163 A
530 1122 565 1162 Z
594 1121 707 1163 sinus
737 1121 942 1163 distantiae
971 1122 1071 1163 nodi

234 1208 261 1234 a
301 1193 421 1235 Sole:
462 1202 504 1235 et
541 1194 618 1235 erit
651 1193 843 1235 velocitas
882 1194 983 1235 nodi
1021 1202 1066 1236 ut

237 1273 478 1307 contentum
515 1267 551 1308 P
574 1266 616 1307 K
642 1275 675 1309 Χ
704 1267 740 1308 Ρ
762 1267 811 1308 Η
839 1276 872 1309 Χ
897 1267 934 1308 Α
961 1267 1005 1308 Ζ.

1074 1267 1126 1322 (Ρ)
1161 1267 1237 1308 Est
1271 1276 1407 1309 autem
1430 1267 1601 1312 PTad
1623 1267 1660 1309 P
1683 1266 1725 1308 K
1758 1273 1806 1307 ut
1837 1261 1946 1306 PM

237 1336 290 1376 ad
314 1336 356 1377 K
377 1336 419 1387 k,
451 1336 627 1392 ideoque
657 1336 712 1378 ob
742 1336 858 1378 datas
881 1336 917 1378 P
939 1337 980 1377 T
1000 1345 1041 1378 et
1063 1337 1100 1377 P
1124 1336 1175 1378 M
1196 1346 1257 1378 est
1281 1337 1323 1378 K
1343 1338 1371 1378 k
1391 1338 1470 1392 ipsi
1492 1338 1528 1379 P
1550 1338 1592 1379 K
1611 1333 1945 1392 proportionalis.

240 1408 317 1453 Est
337 1418 378 1450 et
398 1409 439 1458 A
460 1409 502 1450 T
521 1409 574 1450 ad
596 1409 632 1450 P
654 1409 697 1451 D
717 1417 765 1451 ut
786 1410 827 1451 A
849 1409 884 1450 Z
903 1409 958 1450 ad
980 1409 1016 1450 P
1040 1409 1102 1460 H,
1135 1417 1177 1450 et
1205 1419 1427 1465 propterea
1449 1411 1484 1452 P
1507 1411 1555 1452 H
1575 1409 1815 1466 rectangulo
1846 1407 1882 1449 P
1903 1405 1947 1447 D

249 1490 283 1524 Χ
310 1481 351 1522 Α
374 1481 408 1523 Ζ
436 1481 771 1536 proportionalis,
804 1489 847 1523 et
873 1481 1102 1537 conjunctis
1124 1481 1352 1524 rationibus
1384 1482 1421 1524 P
1442 1483 1484 1524 K
1512 1491 1546 1525 Χ
1575 1482 1609 1524 Ρ
1631 1482 1682 1524 Η
1701 1490 1761 1524 est
1780 1487 1828 1522 ut
1846 1492 1946 1522 con-

280 1622 327 1654 Sit
341 1623 375 1654 N
389 1623 489 1654 ubivis
502 1624 535 1654 in
549 1623 719 1665 quadrante
742 1624 771 1655 B
789 1625 818 1656 T
836 1625 878 1661 Q,
901 1630 932 1655 et
949 1624 977 1655 P
991 1624 1071 1656 inter

240 1665 274 1701 Q
285 1672 317 1696 et
331 1676 352 1695 n
367 1666 417 1696 vel
432 1666 512 1697 inter
525 1678 546 1708 q
560 1672 591 1697 et
607 1667 639 1697 N
654 1667 754 1706 primo
766 1677 837 1697 casu
850 1678 956 1697 omnes
971 1678 1070 1707 angu-

235 1707 282 1738 ios
295 1707 362 1738 fore
376 1708 530 1747 positivos,
547 1710 643 1740 altero
657 1709 789 1749 angulos
807 1710 875 1745 QT
885 1710 913 1740 P
922 1717 952 1740 et
964 1710 995 1739 N
1006 1711 1034 1740 T
1043 1710 1070 1740 P

235 1750 302 1780 fore
312 1751 480 1791 negativos,
496 1757 532 1782 ut
546 1752 578 1781 in
594 1751 789 1790 praecedenti,
800 1751 1066 1782 demonstrabitur.

280 1793 426 1833 Denique
440 1794 576 1834 angulus
599 1795 622 1824 S
639 1795 667 1825 T
686 1794 717 1824 N
738 1794 777 1824 sit
798 1795 967 1835 negativus,
991 1801 1022 1824 et
1039 1795 1068 1824 P

234 1843 299 1864 non
324 1834 364 1865 sit
388 1835 469 1866 inter
482 1837 701 1875 quadraturam
716 1842 746 1867 et
760 1836 888 1872 nodum,
915 1837 969 1866 sed
994 1836 1067 1867 alibi

234 1876 344 1913 ubivis,
361 1877 507 1908 alteruter
521 1889 559 1909 ex
574 1879 697 1920 angulis
714 1879 748 1914 Q
763 1879 792 1909 T
810 1879 847 1915 P,
872 1880 905 1910 N
927 1880 956 1909 T
970 1879 997 1909 P
1013 1890 1068 1918 po-

235 1918 342 1948 sitivus
356 1919 423 1957 erit,
440 1921 601 1960 negativus
615 1921 709 1960 alter;
733 1921 772 1952 sit
795 1922 829 1952 N
849 1922 882 1952 in
897 1921 1066 1962 quadrante

236 1962 265 1990 A
285 1961 314 1991 T
328 1972 347 2001 q
370 1967 401 1991 et
425 1962 452 1992 P
472 1963 504 1992 in
519 1973 594 1994 arcu
611 1964 645 2000 Q
660 1964 691 1994 A
709 1965 741 1995 N
757 1964 940 2005 (quadrante
954 1965 1064 2004 major)

236 2002 292 2032 erit
309 2004 342 2039 Q
357 2004 386 2034 T
403 2004 431 2035 P
445 2004 593 2044 positivus
607 2012 639 2037 et
654 2007 688 2037 N
701 2007 730 2037 T
743 2007 772 2037 P
788 2008 957 2048 negativus,
973 2007 1066 2048 siqui-

238 2766 308 2796 dem
326 2766 352 2796 P
367 2764 458 2796 estin
473 2765 684 2796 antecedentia
696 2771 834 2805 respectu
858 2765 900 2801 N,
924 2764 963 2795 sit
987 2763 1015 2795 P
1036 2763 1070 2795 in

238 2819 310 2838 arcu
335 2818 355 2848 q
373 2809 400 2838 B
417 2818 437 2837 n
463 2808 519 2838 erit
545 2809 579 2844 Q
592 2809 622 2839 T
639 2808 667 2839 P
681 2808 849 2848 negativus,
875 2807 927 2837 sed
945 2808 976 2838 N
994 2807 1024 2838 T
1042 2807 1069 2838 P
1080 2830 1087 2834 -

238 2850 393 2889 positivus,
410 2861 480 2880 nam
495 2861 584 2881 arcus
601 2851 633 2881 N
647 2851 674 2881 P
688 2851 721 2880 in
735 2850 952 2891 consequentia
963 2860 1068 2891 sump-
1077 2853 1084 2858 ”

237 2898 288 2922 tus
304 2892 510 2923 semi-circulo
524 2894 624 2923 minor
639 2892 704 2923 erit.

284 2935 330 2964 Sit
358 2935 389 2964 N
415 2935 445 2964 in
461 2935 629 2975 quadrante
650 2945 671 2976 q
688 2935 716 2966 T
734 2935 772 2970 R,
800 2934 824 2964 si
853 2935 878 2965 Ρ
893 2934 932 2965 sit
947 2934 978 2964 in
994 2944 1068 2966 arcu

238 2986 261 3007 n
275 2987 304 3017 q,
331 2977 465 3017 angulus
482 2978 514 3013 Q
530 2978 559 3008 T
577 2978 604 3008 P
618 2978 765 3017 positivus
785 2983 839 3014 est,
866 2979 919 3007 sed
934 2977 1068 3018 angulus

241 3019 274 3050 N
292 3019 320 3049 Τ
338 3018 365 3048 Ρ
381 3020 549 3059 negativus,
565 3020 638 3060 quia
651 3030 739 3050 arcus
755 3019 786 3050 N
804 3030 824 3049 n
841 3020 883 3060 -ἦ-
901 3029 921 3048 n
934 3020 961 3050 P
977 3020 1069 3050 semi-

239 3060 355 3092 circulo
369 3062 466 3101 major
479 3067 534 3098 est,
550 3062 576 3092 si
594 3062 621 3092 P
635 3062 674 3092 sit
687 3062 720 3092 in
735 3072 807 3093 arcu
833 3062 862 3092 N
881 3062 912 3096 Q
935 3062 1069 3103 angulus

244 3105 277 3140 Q
292 3103 321 3133 T
339 3102 367 3133 P
382 3110 427 3133 est
441 3103 566 3143 quidem
582 3104 751 3144 negativus,
777 3104 831 3135 sed
845 3104 917 3145 quia
933 3104 961 3134 P
975 3110 1021 3135 est
1034 3104 1068 3134 in

1112 1624 1330 1664 consequentia
1343 1631 1483 1663 respectu
1506 1625 1540 1656 N
1560 1625 1725 1665 minusque
1738 1619 1947 1654 semi-circulo

1112 1667 1214 1704 distat,
1230 1677 1304 1707 ergo
1319 1667 1454 1707 angulus
1470 1667 1503 1698 N
1527 1667 1558 1698 T
1578 1667 1608 1698 P
1621 1672 1669 1698 est
1681 1665 1851 1706 positivus3
1873 1663 1946 1694 hinc

1111 1709 1212 1739 ubivis
1235 1709 1275 1739 sit
1300 1709 1338 1746 P,
1365 1709 1391 1739 si
1416 1709 1511 1740 modo
1524 1719 1589 1740 non
1614 1710 1654 1740 sit
1676 1707 1758 1739 inter
1771 1706 1891 1737 nodum
1915 1710 1948 1735 et

1111 1752 1327 1792 quadraturam
1342 1752 1526 1790 proximam,
1547 1751 1596 1782 vel
1609 1761 1718 1782 omnes
1731 1747 1839 1790 anguli
1854 1752 1947 1778 erunt

1109 1793 1239 1833 positivi,
1255 1793 1305 1824 vel
1329 1794 1394 1824 duo
1407 1793 1502 1824 simul
1515 1793 1661 1835 negativi,
1685 1792 1765 1824 alter
1778 1788 1852 1822 vero
1865 1789 1948 1830 posi-

1110 1836 1203 1866 tivus.
1838 1863 1842 1866 .

1154 1877 1238 1909 cum
1253 1889 1326 1920 ergo
1340 1889 1429 1910 arcus
1442 1879 1523 1910 inter
1534 1879 1568 1910 N
1583 1879 1632 1909 vel
1646 1888 1668 1908 n
1682 1883 1714 1910 et
1726 1875 1946 1918 quadraturam

1107 1920 1288 1960 proximam,
1301 1932 1463 1962 nunquam
1473 1921 1600 1952 excedat
1616 1920 1828 1961 quadrantem,
1847 1927 1947 1958 eoque

1108 1963 1148 1993 sit
1163 1973 1246 2002 saepe
1260 1964 1384 2002 minor;
1400 1974 1419 1995 e
1433 1970 1539 1995 contra
1552 1962 1635 1999 vero,
1651 1972 1741 1994 arcus
1755 1962 1834 1992 inter
1851 1960 1883 1991 N
1897 1959 1947 1991 vel

1109 2016 1131 2035 n
1146 2012 1177 2036 et
1190 2006 1409 2045 quadraturam
1417 2006 1613 2037 remotiorem
1621 2014 1784 2045 nunquam
1795 2003 1835 2034 sit
1844 2001 1948 2033 minor

1111 2047 1281 2088 quadrante
1295 2055 1326 2079 et
1340 2059 1420 2088 saepe
1434 2059 1472 2080 eo
1485 2049 1593 2090 major,
1608 2047 1718 2089 majori
1729 2051 1815 2086 parte
1825 2044 1947 2081 revolu-

1112 2090 1205 2120 tionis
1226 2091 1337 2128 Lunae,
1354 2091 1427 2122 nodi
1442 2091 1659 2132 regrediuntur
1673 2097 1705 2120 et
1717 2098 1772 2128 per
1786 2096 1947 2118 excessum

1112 2143 1269 2173 regressus
1293 2144 1386 2173 supra
1405 2143 1611 2174 progressum,
1635 2131 1768 2173 singulis
1789 2129 1946 2161 mensibus

1113 2175 1187 2205 nodi
1201 2175 1344 2206 feruntur
1358 2176 1392 2206 in
1406 2175 1628 2206 antecedentia.

1158 2217 1335 2248 Potuissent
1352 2218 1487 2249 Articuli
1502 2221 1531 2249 4.
1560 2227 1654 2257 supra
1668 2213 1878 2250 demensa-ati,
1903 2223 1944 2245 ex

1062 2296 1065 2300 .
1113 2257 1179 2289 sola
1193 2260 1223 2290 vi
1238 2260 1396 2301 signorum
1422 2259 1664 2301 algebraicorum
1677 2257 1799 2294 deduci,
1816 2265 1947 2297 eamque

1114 2302 1384 2333 demonstrationis
1398 2302 1530 2342 speciem
1555 2301 1698 2332 adhibere
1711 2299 1834 2330 videtur
1850 2299 1945 2328 New-

1113 2350 1224 2381 tonus;
1246 2350 1278 2374 at
1302 2344 1394 2375 alicui
1418 2343 1579 2384 negotium
1601 2343 1749 2374 facessere
1773 2340 1945 2380 potuissent

1116 2387 1228 2416 horum
1242 2386 1401 2426 signorum
1410 2386 1596 2417 mutationes
1609 2385 1643 2415 in
1657 2383 1782 2425 angulis
1789 2388 1943 2422 spectata,

1113 2428 1146 2457 in
1160 2427 1272 2468 quibus
1286 2427 1359 2458 cum
1374 2428 1508 2469 angulus
1529 2427 1570 2458 ad
1590 2425 1833 2458 semi-circulum
1847 2424 1942 2456 crevit

1113 2475 1144 2500 et
1157 2470 1310 2500 maximus
1324 2470 1372 2507 sit,
1388 2480 1462 2500 mox
1473 2470 1636 2511 negativus
1649 2468 1760 2506 evadit,
1774 2467 1859 2509 quod
1869 2476 1944 2499 sane

1112 2522 1176 2542 non
1201 2512 1348 2543 evenisset
1363 2513 1388 2543 si
1403 2513 1459 2543 viae
1474 2512 1642 2552 descriptae,
1670 2521 1733 2542 non
1747 2508 1820 2540 ver&
1833 2508 1943 2550 anguli

1112 2553 1293 2585 considerati
1307 2548 1458 2592 fuissent3
1479 2554 1590 2596 juvant
1602 2551 1782 2594 algebmioe
1794 2549 1941 2581 illaeeon-

1113 2597 1291 2636 sequenfiae,
1299 2598 1332 2627 in
1341 2597 1516 2638 retegeudis
1526 2596 1666 2636 prompte
1677 2595 1943 2634 Pmpositionibus

1111 2638 1211 2679 iisque
1225 2639 1264 2670 ad
1279 2639 1522 2680 generalissimas
1535 2637 1743 2679 expressiones
1752 2635 1941 2674 revocandis,

1111 2681 1165 2711 sed
1190 2681 1223 2712 in
1248 2682 1409 2713 nonnullis
1421 2681 1642 2722 questionibus
1662 2679 1703 2711 ad
1725 2678 1942 2711 certitudinem

1112 2723 1235 2763 plenam
1251 2724 1451 2765 idearumque
1464 2724 1633 2755 claritatem
1647 2721 1811 2763 requiritur
1824 2727 1870 2758 ut,
1885 2730 1941 2760 per

1111 2776 1239 2797 casuum
1262 2766 1533 2802 enumerationem,
1560 2765 1623 2796 illae
1636 2764 1815 2806 algebraicae
1828 2773 1939 2800 conseq

1111 2809 1254 2848 quentiae,
1267 2809 1351 2839 velut
1365 2808 1404 2839 ad
1421 2808 1570 2848 Lapidem
1584 2808 1719 2848 Lydium
1731 2806 1938 2846 explorentur.

1115 2852 1281 2888 Caeterum,
1297 2851 1436 2891 quamvis
1450 2850 1565 2892 figuras
1580 2849 1749 2889 unicuique
1770 2847 1855 2880 casui
1868 2857 1941 2887 pro·

1111 2893 1192 2932 prias
1206 2903 1270 2924 non
1285 2892 1548 2926 delineaverimus.
1572 2892 1662 2923 facile
1676 2891 1733 2922 erit
1754 2901 1792 2921 ex
1812 2889 1851 2920 iis
1870 2899 1941 2930 quae

1111 2936 1239 2974 sculptae
1263 2941 1345 2973 sunt,
1370 2935 1483 2977 figuras
1504 2934 1680 2965 deficientes
1702 2931 1864 2974 imaginari
1885 2936 1942 2963 aut

1110 2978 1288 3009 describere.
1779 2997 1785 3001 -

1155 3020 1201 3061 (Ρ)
1220 3022 1236 3039 ”
1251 3022 1309 3051 Est
1320 3025 1423 3051 autem
1436 3022 1467 3051 P
1481 3021 1555 3050 Tad
1568 3017 1940 3051 PKutPMaaKkex

1111 3060 1270 3092 notissima
1285 3061 1391 3092 circuli
1406 3061 1590 3101 proprietate
1597 3061 1791 3092 radiumesse
1805 3057 1844 3090 ad
1857 3057 1940 3089 ordi-

1111 3110 1226 3140 natam.
1243 3110 1279 3135 ut
1293 3110 1338 3134 est
1349 3103 1444 3135 fluxio
1454 3103 1542 3135 arcus
1556 3103 1596 3135 ad
1610 3103 1778 3135 fluxionem
1789 3099 1937 3132 abscissae.
