2072 3522
214 262 294 302 176
620 260 1075 304 PHILOSOPHIAE
1106 259 1469 303 NATURALIS
1511 261 1606 313 [DE
1621 259 1784 302 Mum).
1801 254 1926 302 Smrr.v

207 371 363 414 nubem
387 386 478 414 esse
507 385 581 429 seu
602 387 797 429 vaporem
818 389 842 414 a
861 373 995 428 capite
1016 380 1189 414 cometae
1211 372 1368 429 jugiter
1387 368 1622 429 surgentem
1643 379 1684 413 et
1703 372 1924 413 abeuntem

208 445 254 486 in
281 453 421 501 partes
452 462 478 488 a
509 446 606 489 Sole
635 461 812 489 aversas.
873 446 1035 502 Opinio
1063 447 1199 501 prima
1218 460 1362 486 eorum
1383 453 1444 486 est
1463 445 1534 500 qui
1561 444 1748 486 nondum
1777 443 1922 485 imbuti

208 529 304 559 sunt
334 516 502 560 scientia
531 532 672 560 rerum
701 518 946 573 opticarum.
1007 517 1118 559 Nam
1139 516 1266 573 jubar
1287 516 1394 558 Solis
1420 516 1463 556 in
1484 514 1676 557 cubiculo
1701 514 1925 556 tenebroso

208 605 294 631 non
325 591 521 642 cernitur,
551 592 631 633 nisi
651 598 852 648 quatenus
880 592 956 633 lux
974 591 1199 633 reflectitur
1219 606 1242 632 e
1261 590 1481 646 pulverum
1500 598 1542 632 et
1559 589 1768 631 fumorum
1794 589 1924 645 parti·-

208 662 312 703 culis
341 677 419 718 per
447 664 587 704 aerem
617 676 779 717 semper
809 662 1100 704 volitantibus:
1132 662 1310 718 ideoque
1336 662 1381 703 in
1400 663 1495 702 ae're
1514 659 1636 702 fumis
1657 660 1924 702 crassioribus

207 734 359 777 infecto
380 735 636 791 splendidius
657 743 730 787 est,
754 743 796 778 et
816 736 982 782 sensum
999 733 1146 777 fortius
1165 734 1284 784 ferit;
1304 734 1349 775 in
1368 735 1464 775 a'ere
1484 732 1659 774 clariore
1679 732 1843 775 tenuius
1862 739 1926 773 est

209 815 251 848 et
279 806 431 864 aegrius
462 808 661 849 sentitur:
692 808 737 848 in
767 807 1049 866 coelissautem
1080 807 1168 848 sine
1195 804 1366 847 materia
1395 805 1632 846 reflectente
1656 802 1817 845 nullum
1836 817 1926 844 esse

208 887 355 934 potest.
418 880 514 922 Lux
548 895 634 921 non
669 874 871 929 cernitur*
886 879 1090 936 quatenus
1123 879 1167 920 in
1194 878 1343 934 jubare
1375 885 1449 928 est,
1486 876 1560 918 sed
1593 875 1795 932 quatenus
1829 873 1927 915 inde

209 951 436 993 reflectitur
464 951 518 992 ad
544 950 686 993 oculos
712 958 889 992 nostros.
951 951 1062 993 Nam
1095 949 1198 992 visio
1229 963 1317 992 non
1344 948 1393 990 fit
1417 948 1498 990 nisi
1511 962 1599 1003 -per
1620 947 1759 989 radios
1779 947 1851 1004 qui
1880 946 1926 987 in

201 1023 355 1066 'oculos
382 1023 632 1080 impingunt.
694 1023 939 1080 Requiritur
966 1023 1095 1080 igitur
1113 1021 1286 1064 materia
1305 1021 1443 1077 aliqua
1462 1019 1738 1076 reflectensin
1758 1019 1929 1076 regione

213 1094 372 1145 caudae,
412 1109 467 1135 ne
505 1093 657 1135 coelum
691 1101 827 1136 totum
859 1094 951 1136 luce
989 1094 1097 1136 Solis
1129 1093 1377 1134 illustratum
1408 1091 1667 1133 uniformiter
1697 1089 1929 1146 splendeat.

214 1165 372 1221 Opinio
402 1164 587 1206 secunda
605 1164 746 1206 multis
775 1164 976 1219 premitur
1004 1164 1323 1206 difficultatibus.
1385 1162 1542 1205 caudae
1560 1175 1775 1218 nunquam
1799 1160 1931 1203 varie-

211 1247 365 1296 gantur
395 1237 629 1280 coloribus:
660 1237 731 1294 qui
760 1244 899 1279 tamen
928 1236 1221 1284 refractionum
1252 1235 1386 1277 solent
1406 1250 1494 1276 esse
1523 1235 1691 1276 comites
1719 1234 1932 1288 insepara-

211 1311 328 1352 biles.
389 1310 488 1352 Lux
517 1310 699 1352 fixarum
728 1318 770 1351 et
797 1309 1056 1365 planetarum
1087 1308 1278 1351 distincte
1309 1309 1363 1350 ad
1390 1323 1467 1349 nos
1496 1308 1735 1349 transmissa
1758 1306 1933 1349 demon-

213 1391 315 1426 strat
334 1383 519 1425 medium
540 1383 707 1426 coeleste
727 1382 840 1424 nulla
861 1382 902 1424 vi
922 1381 1136 1424 refractiva
1156 1381 1325 1437 pollere.
1379 1381 1491 1422 Nam
1511 1379 1623 1436 quod
1642 1379 1805 1430 dicitur,
1827 1379 1934 1420 fixas

217 1455 270 1497 ab
302 1454 516 1512 AEgyptiis
551 1462 731 1496 cometas
766 1468 1070 1509 nonnunquam·
1095 1453 1202 1495 visas
1231 1452 1369 1502 fuisse,
1406 1452 1463 1502 id,
1495 1451 1691 1507 quoniam
1724 1448 1933 1492 rarissime

213 1526 428 1584 contingit,
469 1525 795 1567 adscribendum
845 1533 906 1567 est
953 1526 1127 1568 nubium
1166 1525 1403 1567 refractioni
1443 1524 1638 1567 fortuitae.
1726 1524 1932 1566 Fixarum

215 1612 383 1654 quoque
414 1596 590 1637 radiatio
624 1604 665 1643 et
699 1596 934 1639 scintillatio
963 1597 1018 1638 ad
1050 1596 1317 1638 refractiones
1351 1604 1440 1638 tum
1465 1597 1682 1639 oculorum
1710 1604 1800 1638 tum
1829 1595 1935 1638 a'e'ris

221 1668 387 1710 tremuli
406 1667 636 1709 referendae
655 1676 775 1709 sunt:
798 1668 951 1724 quippe
971 1683 1065 1724 quae
1084 1668 1261 1710 admotis
1282 1667 1403 1709 oculo
1423 1668 1654 1724 telescopiis
1673 1652 1935 1709 evanescunt.

216 1741 339 1783 A'e'ris
372 1749 413 1782 et
446 1740 760 1782 ascendentium
787 1755 989 1797 vaporum
1016 1749 1195 1783 tremore
1227 1742 1287 1791 fit,
1318 1750 1366 1783 ut
1393 1742 1499 1783 radii
1528 1742 1647 1784 facile
1677 1742 1730 1783 de
1759 1747 1938 1798 angusto

167 1870 169 1873 Ι
217 1812 390 1868 pupillae
420 1812 553 1867 spatio
581 1826 657 1874 per
687 1812 806 1854 vices
834 1812 1170 1869 detorqueantur,
1197 1813 1250 1854 de
1284 1813 1430 1855 latiore
1459 1821 1597 1854 autem
1622 1813 1718 1855 vitri
1746 1811 1939 1868 objectivi

217 1883 412 1941 apertura
443 1884 698 1940 neutiquam.
760 1884 866 1926 Inde
886 1892 950 1926 est
969 1884 1082 1940 quod
1102 1884 1336 1926 scintillatio
1354 1884 1399 1925 in
1421 1884 1550 1939 priori
1578 1899 1676 1926 casu
1703 1890 1937 1941 generetur,

217 1957 258 1998 in
290 1956 519 2011 posteriore
549 1962 690 1996 autem
718 1962 875 1996 cesset:
907 1963 950 1997 et
969 1955 1140 1997 cessatio
1160 1955 1203 1996 in
1222 1955 1452 2010 posteriore
1472 1969 1571 1997 casu
1590 1954 1846 1997 demonstrat
1862 1969 1940 1996 re-

216 2029 405 2087 gularem
434 2028 788 2069 transmissionem
816 2027 920 2069 lucis
949 2042 1025 2083 per
1055 2027 1182 2069 coelos
1213 2027 1300 2069 sine
1330 2028 1444 2069 omni
1473 2027 1720 2069 refractione
1741 2025 1938 2068 sensibili.

217 2102 285 2144 Ne
310 2100 401 2156 quis
414 2102 637 2144 contendat
657 2100 770 2158 quod
800 2100 945 2142 caudae
965 2114 1051 2151 non
1071 2101 1229 2142 soleant
1247 2100 1378 2141 videri
1406 2100 1451 2141 in
1471 2100 1656 2150 cometis,
1678 2098 1774 2141 cum
1794 2112 1939 2150 eorum

216 2178 293 2220 lux
313 2189 398 2216 non
418 2184 481 2217 est
500 2175 597 2216 satis
617 2173 752 2224 fortis,
778 2174 875 2229 quia
894 2181 994 2215 tunc
1013 2173 1118 2215 radii
1140 2173 1372 2215 secundarii
1392 2187 1476 2214 non
1496 2172 1652 2214 habent
1672 2171 1770 2213 satis
1790 2159 1941 2212 virium

218 2245 271 2286 ad
292 2245 433 2287 oculos
453 2244 694 2295 movendos,
717 2252 759 2286 et
781 2252 1004 2300 propterea
1024 2244 1177 2286 caudas
1193 2244 1373 2296 fixarum
1387 2240 1472 2284 nou
1489 2242 1625 2284 cerni:
1649 2241 1710 2297 (¹¹¹)
1725 2239 1941 2283 sciendum

219 2328 281 2361 est
301 2319 414 2376 quod
434 2320 509 2361 lux
528 2319 708 2361 fixarum
727 2319 822 2374 plus
843 2327 1010 2360 centum
1029 2318 1186 2360 vicibus
1207 2317 1348 2374 augeri
1368 2323 1504 2372 potest
1522 2314 1798 2361 mediantibus
1819 2312 1941 2355 teles-

219 2391 363 2446 copiis,
394 2406 472 2432 nec
501 2399 641 2432 tamen
671 2390 816 2432 caudae
846 2398 1085 2431 cernuntur.
1146 2389 1412 2430 Planetarum
1442 2402 1606 2443 quoque
1635 2386 1709 2427 lux
1734 2384 1942 2441 copiosior
1997 2389 2002 2394 '

220 2470 295 2512 est,
328 2461 472 2503 caudae
500 2460 601 2503 vero
629 2460 783 2502 nullae:
814 2469 987 2503 cometae
1007 2468 1146 2502 autem
1169 2474 1279 2514 saepe
1299 2456 1578 2500 caudatissimi
1598 2464 1707 2506 sunt,
1736 2455 1809 2497 ubi
1829 2454 1940 2510 capi-

220 2545 309 2577 tum
338 2535 412 2576 lux
442 2535 576 2577 tenuis
607 2542 670 2576 est
697 2542 738 2576 et
766 2534 884 2576 valde
905 2534 1065 2575 obtusa.
1128 2533 1196 2575 Sic
1216 2532 1326 2573 enim
1348 2538 1509 2572 cometa
1528 2530 1626 2571 anni
1651 2534 1775 2578 1680,
1797 2541 1941 2569 mense

225 2607 469 2658 Decembri,
498 2622 582 2663 quo
602 2614 788 2662 tempore
808 2610 933 2662 ca'put
951 2606 1043 2647 luce
1063 2603 1134 2646 sufi
1155 2605 1227 2646 vix
1247 2603 1436 2660 aequabat
1456 2602 1591 2645 stellas
1612 2599 1805 2643 secundae
1822 2613 1941 2656 mag—

220 2679 432 2731 nitudinis,
454 2680 629 2722 caudam
648 2680 861 2722 emittebat
881 2680 1099 2735 splendore
1119 2678 1292 2720 notabili
1311 2692 1441 2734 usque
1461 2676 1514 2719 ad
1532 2675 1687 2733 gradus
1708 2682 1778 2726 40,
1794 2681 1864 2727 50,
1882 2680 1938 2718 60

220 2751 286 2793 vel
307 2756 361 2797 70
382 2751 654 2810 longitudinis
675 2760 716 2794 et
734 2750 865 2793 ultra:
897 2759 1040 2807 postea
1061 2751 1155 2793 Jan.
1178 2754 1231 2794 27
1250 2757 1291 2790 et
1311 2753 1363 2790 28
1382 2755 1506 2803 caput
1521 2747 1747 2803 apparebat
1761 2754 1807 2788 ut
1822 2745 1940 2788 stella

224 2822 410 2878 septimae
431 2830 592 2864 tantum
612 2822 923 2880 magnitudinis,
956 2821 1088 2863 cauda
1118 2820 1217 2862 vero
1237 2820 1330 2861 luce
1351 2818 1517 2875 quidem
1536 2818 1727 2873 pertenui
1746 2816 1820 2859 sed
1840 2815 1939 2858 satis

227 2893 409 2934 sensibili
428 2894 554 2951 longa
582 2901 671 2936 erat
690 2899 731 2936 6.
753 2893 819 2935 vel
841 2897 879 2937 7.
901 2892 1070 2950 graduS,
1093 2899 1135 2934 et
1153 2891 1245 2933 luce
1266 2888 1577 2939 obscurissimf13
1613 2902 1706 2945 quae
1728 2886 1841 2930 cerni
1870 2885 1938 2928 vix

267 3001 320 3043 (¹²¹)
342 3006 358 3023 ”
383 3006 546 3036 Sciendum
561 3010 612 3035 est.
662 3005 708 3035 Ut
730 3010 839 3035 nolum
854 3010 900 3034 est
913 3013 951 3034 ex
967 3003 1056 3034 teles-
1100 3001 1225 3032 visionis
1249 2999 1444 3031 distinctione
1470 3004 1500 3029 et
1522 2997 1756 3038 telescopiomm
1783 2993 1938 3027 benefieiis

224 3044 381 3083 copiorum
398 3047 513 3077 theoria
527 3047 610 3086 apud
620 3057 728 3078 omnes
743 3047 854 3086 passim
863 3056 966 3076 rerum
978 3046 1058 3085 opti·
1101 3044 1185 3075 dedit
1205 3043 1317 3075 clan‘ss.
1332 3042 1379 3073 vir
1390 3042 1508 3073 Robert
1521 3041 1621 3073 Smith
1642 3041 1675 3071 in
1696 3038 1810 3071 eximio
1833 3037 1937 3079 Opere

223 3096 330 3117 carum
344 3094 374 3118 et
390 3089 625 3128 catoptricarum
640 3089 810 3128 scriptores.
838 3088 899 3120 Sed
913 3098 949 3118 ea
963 3088 1058 3127 potis-
1104 3086 1228 3126 Optim-

223 3128 337 3161 simum
358 3130 421 3171 legi
443 3137 600 3161 merentur
620 3141 690 3172 qua:
711 3131 751 3162 de
771 3130 850 3162 lucis
870 3131 1055 3168 intensitatc,
