2072 3522
141 239 291 283 Lmen
303 241 543 294 Tum-ms]
585 243 908 287 PRINCIPIA
937 244 1430 290 MATHEMATICA.

1773 251 1852 289 165

135 352 202 396 his
231 355 354 407 datis,
388 350 548 400 calculo
576 358 719 401 itidem
748 359 1010 403 arithmetico
1038 361 1229 403 accurate
1257 362 1458 412 instituto,
1488 362 1582 404 loca
1600 367 1774 403 cometae
1794 361 1848 402 ad

133 426 467 470 observationum
487 437 674 486 tempora
692 432 958 487 computavit,
980 438 1027 474 ut
1046 433 1242 489 sequitur.

113 1569 160 1594 eet
173 1563 284 1603 positio
298 1568 390 1595 rectae
405 1563 436 1595 T
449 1574 476 1600 a.
492 1564 552 1595 boc
566 1569 621 1601 est,
639 1569 767 1595 cometae
780 1563 946 1605 longitudo

112 1607 316 1647 geocentrioe,
341 1606 406 1637 sive
418 1606 506 1638 locus
526 1612 654 1637 cometae
674 1607 885 1647 geocentricus
905 1606 946 1637 ad

112 1648 284 1688 eclipticam
299 1649 454 1680 reductus.
502 1648 628 1680 Deinde
640 1649 674 1679 iu
688 1649 844 1690 triangulo
866 1656 944 1680 rect-

111 1692 230 1733 angulo
253 1693 285 1722 A
306 1702 326 1722 a
348 1692 388 1729 T,
414 1691 528 1723 dantur
548 1691 644 1722 latera
667 1691 732 1722 duo
753 1691 788 1722 in
808 1692 946 1731 partibus

110 1733 275 1765 mediocris
305 1733 458 1765 distantiae
488 1734 624 1765 Telluris
651 1744 671 1764 a
701 1733 773 1764 Sole
803 1744 945 1774 expressa

111 1778 200 1818 (158.
219 1783 251 1808 et
263 1786 302 1807 ex
315 1776 435 1807 theoriss
449 1776 611 1816 Telluris).
654 1775 759 1812 Quare
773 1775 944 1807 innotescet

110 1819 246 1860 angulus
269 1820 301 1850 A
318 1819 348 1850 T
361 1829 390 1856 a,
412 1820 471 1850 hoc
492 1825 552 1857 est„
568 1825 696 1850 cometae
716 1818 848 1849 latitudo
868 1829 940 1860 geo-

109 1861 253 1899 centrica,
282 1862 418 1902 itemque
447 1861 569 1892 dabitur
596 1862 812 1901 hypothenusa
842 1861 871 1891 T
899 1862 940 1898 A,

109 1903 253 1934 distantia
267 1904 383 1934 scilicet
396 1911 526 1935 cometae
539 1914 559 1935 a
574 1902 681 1934 Terra.
719 1903 771 1933 Ex
780 1903 829 1933 his
838 1903 942 1944 itaque

109 1952 194 1985 patet
213 1945 370 1987 quomodo
390 1946 430 1976 ad
450 1946 522 1976 data
534 1945 781 1976 observationum
795 1951 943 1985 tempora,

108 1988 250 2019 instituto
264 1988 392 2024 calculo,
408 1988 477 2018 loca
491 1993 618 2018 cometae
629 1988 747 2027 possint
758 1988 939 2026 computari.

112 2030 236 2062 cIariss.
256 2030 403 2061 Halleius
422 2030 533 2061 iisdem
547 2041 624 2061 usus
638 2030 796 2069 principiis
809 2030 850 2060 ad
865 2031 939 2061 defi-

109 2073 239 2104 niendos
260 2080 452 2104 cometarum
472 2078 575 2103 motus
589 2073 725 2103 maximo
739 2073 842 2103 labore
855 2074 944 2104 tabu-

110 2115 157 2146 lss
171 2116 352 2146 construxit·
400 2116 527 2146 Harum
540 2115 715 2146 tabularum
737 2125 878 2146 normam
899 2116 944 2146 vi-

109 2158 181 2189 deat
196 2158 292 2189 lector
305 2158 338 2188 in
352 2158 490 2199 ejusdem
506 2157 695 2188 celeberrimi
708 2157 765 2187 viri
783 2158 944 2196 Opusculo

109 2201 194 2241 quod
209 2200 403 2231 inscribitur:
432 2200 699 2241 Cometographia,
721 2210 777 2230 seu
793 2202 944 2231 Astrouo-

109 2243 182 2273 mioe
200 2243 368 2275 Cometicae
384 2243 540 2283 Synopsis.
562 2264 593 2273 ..-,

155 2290 224 2317 160.
247 2286 279 2317 Si
295 2292 424 2316 cometae
438 2286 552 2316 orbitas
565 2284 714 2325 ellipticas
728 2284 898 2317 describere
912 2291 943 2316 et

109 2327 188 2358 duas
205 2328 334 2367 Kepleri
349 2328 433 2369 leges
447 2329 605 2359 observare
626 2334 790 2367 ponantur,
813 2329 871 2358 hoc
885 2334 940 2365 est,

108 2371 135 2400 si
149 2377 324 2410 temporum
342 2370 568 2411 periodicorum
582 2370 731 2411 quadrata
746 2371 807 2401 sint
821 2377 858 2401 ut
871 2371 943 2401 cubi

108 2413 311 2443 mediocrium
326 2413 540 2443 distantiarum
553 2424 574 2444 a
589 2413 670 2450 Sole,
692 2420 723 2444 et
737 2423 816 2445 areae
830 2413 942 2452 ellipti-

109 2466 154 2486 cae
168 2455 262 2486 radiis
276 2455 316 2486 ad
332 2456 435 2486 Solem
457 2455 559 2486 ductis
579 2456 642 2486 sint
661 2457 851 2495 temporibus
872 2465 942 2495 pro-

111 2498 307 2538 portionales
324 2497 414 2529 facile
428 2497 680 2529 determinabitur
694 2498 801 2529 orbitae
815 2498 942 2529 cometi-

109 2549 155 2570 cae
170 2540 364 2581 magnitudo,
381 2550 549 2581 omnesque
562 2539 666 2571 motfis
679 2547 870 2571 cometarum
884 2541 942 2570 cir·

108 2583 300 2614 cumstantiae
315 2583 511 2620 definientur,
529 2583 612 2624 quod
624 2582 849 2623 elegentissime
862 2593 941 2622 prae-

107 2625 186 2656 stitit
201 2626 246 2656 D.
265 2626 416 2667 Bouguer
436 2625 471 2655 in
493 2626 640 2656 Menum.
658 2626 756 2656 Paris.
773 2636 824 2656 an.
844 2629 937 2657 1733.

107 2667 267 2698 clarissimi
283 2668 339 2698 viri
352 2667 536 2699 methodum
549 2668 600 2698 hic
614 2666 834 2708 adjungemus:

154 2708 207 2741 Ex
228 2709 307 2741 datis
327 2711 425 2742 tribus
445 2710 741 2750 observationibusa
754 2721 787 2742 se
807 2710 940 2742 invicem

106 2762 218 2792 parum
238 2751 430 2790 distantibus,
453 2753 628 2784 inveniatur
647 2759 776 2784 cometae
796 2753 939 2784 velocitas

106 2795 141 2825 in
166 2795 272 2835 aliquo
295 2795 402 2826 orbitae
422 2806 487 2827 suae
506 2796 585 2833 loco,
609 2802 641 2826 et
662 2795 776 2837 exigua
798 2796 939 2837 ejusdem

107 2837 215 2868 orbitae
235 2838 337 2876 portio
356 2837 586 2870 determinetur.
631 2838 790 2874 Quoniam
804 2838 864 2869 tn’a
885 2840 940 2869 ob-

106 2879 314 2910 servationum
326 2885 465 2920 tempora
477 2891 588 2920 parum
599 2892 618 2912 a
628 2892 661 2911 se
670 2881 802 2912 invicem
813 2880 938 2918 distant,

106 2923 208 2962 portio
229 2921 336 2954 orbitae
356 2923 415 2952 hoc
436 2924 581 2963 temporis
600 2923 762 2955 intervallo
787 2923 938 2963 descripta

106 2964 292 2996 considerari
313 2965 426 3004 poterit
438 2970 584 3006 tanquam
598 2966 682 2997 linea
696 2971 778 2997 recta
790 2966 840 2996 vel
854 2966 935 3005 ipsa-

106 3013 172 3038 met
199 3013 332 3049 tangens
360 3007 467 3038 orbitae
491 3014 579 3039 motu
605 3009 756 3039 uniformi
780 3018 934 3048 percursa,

107 3049 238 3090 ideoque
266 3050 366 3090 portio
394 3050 461 3080 haec
489 3051 647 3082 rectilinea
674 3052 782 3082 orbitae
810 3057 842 3082 et
872 3052 939 3090 ipsa

106 3099 234 3123 cometae
248 3092 392 3123 velocitas
402 3092 533 3123 inveniri
545 3100 690 3132 poterunt
701 3105 756 3134 per
766 3095 856 3125 Lem.
871 3094 934 3124 IV·

107 3141 138 3166 et
151 3145 206 3175 per
219 3145 255 3166 ea
268 3145 339 3176 quae
352 3134 426 3166 huic
442 3135 599 3167 Lemmati
611 3136 797 3168 addidimus.
847 3136 938 3168 Idem

987 1574 1110 1605 quoque
1118 1564 1304 1596 obtinebitur
1312 1563 1429 1605 duplici
1437 1564 1664 1606 elegantissima
1673 1565 1824 1597 methodo

987 1618 1060 1648 quae
1071 1607 1107 1637 in
1122 1607 1270 1638 Menum.
1291 1607 1389 1638 Paris.
1407 1608 1475 1639 loco
1490 1608 1582 1639 citato
1597 1609 1719 1649 legitur.

1031 1649 1096 1679 His
1116 1650 1290 1688 praemissis,
1311 1650 1352 1680 eit
1375 1651 1398 1681 S
1413 1650 1474 1687 Sol,
1500 1651 1527 1681 C
1542 1661 1560 1681 c
1579 1651 1693 1693 exigua
1712 1650 1822 1682 orbitae

988 1692 1146 1722 cometicae
1159 1692 1260 1731 portio
1273 1702 1311 1723 ex
1327 1693 1425 1723 tribus
1445 1693 1706 1724 observationibus
1720 1693 1821 1724 deter-

987 1734 1112 1764 minata.
1159 1735 1318 1770 Quoniam
1332 1742 1406 1766 nota
1419 1742 1465 1766 est
1481 1737 1503 1766 S
1521 1736 1558 1772 C,
1581 1735 1727 1766 distantia
1741 1736 1822 1766 scili-

986 1782 1036 1807 cet
1049 1782 1176 1807 oometae
1190 1787 1210 1807 a
1225 1777 1307 1814 Sole,
1330 1777 1423 1818 atque
1436 1778 1528 1808 etiam
1543 1778 1706 1808 innotescit
1720 1788 1822 1819 angu-

985 1818 1036 1848 lus
1053 1819 1074 1848 S
1091 1819 1117 1849 C
1134 1819 1178 1856 D,
1200 1819 1324 1850 dabitur
1343 1819 1602 1860 perpendicularis
1619 1820 1641 1851 S
1658 1821 1704 1857 D,
1728 1821 1823 1860 hujus

985 1860 1357 1935 Ἑξὲἶὶιὸεἳῑῖέωὲ
1363 1863 1697 1942 ὖῑῗριξῗᾱῗςῑοὲεῖἒο
1720 1863 1822 1936 231³&

989 1945 1059 1976 lum
1098 1946 1125 1977 C
1153 1956 1180 1983 c,
1215 1915 1465 1987 {Simulo—f
1495 1916 1690 1988 peregrsum:
1707 1914 1822 1988 s{itque

979 2976 999 2996 x
1022 2979 1068 2996 =
1091 2967 1121 2997 A
1141 2966 1182 3003 B,
1209 2976 1264 2996 seu
1289 2965 1340 2996 axi
1364 2963 1525 3004 principali
1554 2963 1696 3004 ellipseos
1715 2973 1811 3005 quam

979 3015 1099 3039 cometa
1111 3009 1192 3039 eirca
1209 3009 1311 3039 Solem
1323 3008 1356 3038 in
1371 3006 1518 3038 umbilico
1532 3007 1563 3042 S,
1579 3007 1714 3047 positum
1727 3007 1808 3037 inte-

981 3061 1040 3092 gro
1052 3057 1190 3091 tempore
1203 3050 1360 3090 periodico
1373 3056 1397 3087 t,
1413 3050 1566 3081 describit.
1611 3050 1655 3081 Ut
1668 3048 1812 3081 determi-

982 3099 1096 3124 nentur
1105 3095 1291 3134 quantitates
1300 3103 1320 3123 x
1332 3099 1363 3123 et
1373 3099 1396 3129 t,
1412 3092 1550 3123 conferre
1561 3099 1680 3132 oportet
1690 3098 1812 3122 motum

982 3142 1111 3168 cometae
1124 3147 1199 3168 cum
1211 3142 1301 3167 motu
1316 3136 1441 3177 cognito
1455 3135 1586 3175 planetae
1594 3135 1733 3176 alicujus.
1768 3132 1814 3163 Sit
