2072 3522
161 264 242 303 ιιι,
581 260 1030 306 PHlLoSOPHIAE
1061 230 1424 303 NATURAus
1452 258 1546 313 [DE
1563 259 1727 303 Mun».
1745 260 1868 303 sm.

222 377 353 418 Corol.
378 380 443 418 10.
504 376 556 418 In
576 376 751 433 syzygiis
773 376 907 418 Lunae
939 376 990 430 (Ρ)
1021 374 1241 429 parallaxis
1255 368 1347 429 'ejus
1366 367 1632 415 horizontalis
1651 373 1870 415 mediocris

161 445 206 487 in
225 437 510 488 latitudinibus
530 447 735 502 graduum
756 453 797 495 ο,
822 452 889 495 30,
913 451 980 495 38,
1005 450 1073 494 45,
1097 449 1166 494 52,
1188 450 1256 495 60,
1281 450 1349 494 90,
1371 451 1434 485 est
1454 445 1534 488 57‘.
1554 445 1649 495 20²²,
1672 445 1751 488 57'.
1775 446 1869 495 16⁰,

162 516 243 560 57'.
269 517 359 565 ΙΨ,
383 517 463 560 57’.
488 513 578 566 12”,
603 517 683 559 57¹.
709 516 800 564 10⁰,
825 516 905 559 57‘.
928 516 994 565 δ”,
1018 515 1098 559 57'.
1120 515 1186 556 Ψ,
1208 513 1447 569 respective.
1861 499 1863 502 ⁴

221 585 273 626 In
302 585 367 626 his
396 585 770 645 computationibus
791 585 1078 626 attractionem
1098 584 1372 640 magneticam
1392 583 1539 625 Terrae
1566 596 1652 624 non
1681 584 1870 626 conside-

161 656 260 706 ravi,
298 657 412 712 cujus
433 657 573 712 utique
594 655 799 711 quantitas
820 670 1024 710 perparva
1057 662 1120 695 est
1153 662 1194 695 et
1223 654 1449 711 ignoratur.
1512 654 1557 696 Si
1586 654 1752 709 quando
1771 655 1870 697 vero

161 726 252 768 haec
278 727 466 768 attractio
494 726 732 782 investigari
750 726 916 781 poterit,
948 733 989 767 et
1016 739 1222 766 mensurae
1241 724 1448 783 graduum
1476 724 1521 764 in
1549 724 1789 776 meridiano,
1821 739 1870 768 ac

162 798 439 855 longitudines
473 797 751 853 pendulorum
785 795 1101 837 isochronorum
1133 795 1178 835 in
1213 794 1384 836 diversis
1416 785 1636 849 parallelis,
1676 793 1870 851 legesque

159 881 345 912 motuum
365 869 504 919 maris,
535 876 576 910 et
603 866 825 923 parallaxis
848 867 983 908 Lunae
1013 880 1107 907 cum
1136 865 1346 907 diametris
1376 864 1669 919 apparentibus
1693 864 1800 906 Solis
1827 872 1872 907 et

162 942 295 984 Lunae
316 957 368 983 ex
387 941 671 996 phaenomenis
692 938 921 982 accuratius
941 939 1225 981 determinatae
1245 937 1420 979 fuerint:
1443 937 1494 992 (⁴1)
1510 937 1650 978 licebit
1668 936 1870 979 calculum

160 1014 272 1056 hunc
292 1028 458 1056 omnem
479 1013 708 1056 accuratius
727 1020 926 1068 repetere.
1333 1000 1336 1001 ⁷

392 1157 769 1199 PROPOSITIO
801 1156 1073 1199 XXXVIII.
1134 1155 1478 1199 PROBLEMA
1508 1154 1640 1197 XIX.

645 1270 833 1310 Invenire
842 1270 1026 1324 figuram
1047 1257 1224 1323 corporis
1243 1250 1388 1309 Lunoei.

219 1383 264 1425 Si
298 1395 447 1438 corpus
477 1382 621 1424 lunare
649 1383 824 1424 fluidum
854 1389 962 1424 esset
997 1382 1052 1424 ad
1085 1382 1214 1423 instar
1232 1382 1358 1423 maris
1377 1380 1522 1431 nostri,
1553 1380 1613 1422 vis
1642 1379 1788 1421 Terroe
1817 1378 1872 1420 ad
1911 1373 1914 1375 ⁵

159 1455 333 1497 fluidum
353 1456 454 1497 illud
490 1456 533 1496 in
567 1456 754 1511 partibus
788 1463 829 1497 et
860 1455 1007 1496 citimis
1038 1462 1081 1496 et
1114 1454 1269 1496 ultimis
1290 1453 1535 1495 elevandum
1567 1459 1674 1494 esset
1704 1452 1758 1493 ad
1788 1452 1872 1492 vim

159 1525 307 1575 Lunae,
344 1526 423 1582 qua
445 1541 559 1567 mare
579 1534 764 1567 nostrum
798 1526 842 1566 in
875 1525 1062 1580 partibus
1096 1533 1138 1567 et
1169 1525 1247 1566 sub
1283 1523 1405 1566 Luna
1439 1532 1482 1565 et
1516 1523 1652 1565 Lunae
1671 1522 1871 1578 oppositis

159 1596 371 1646 attollitur,
407 1596 453 1651 (¹)
489 1603 536 1637 ut
566 1596 745 1652 gravitas
779 1595 1045 1637 accelerati-ix
1081 1595 1216 1637 Lunae
1250 1596 1294 1636 in
1330 1595 1508 1636 Terram
1543 1594 1597 1635 ad
1630 1594 1873 1650 gravitatem

1048 1710 1088 1740 ad
1109 1709 1386 1740 semi-diametrum
1407 1708 1573 1740 maximam
1602 1708 1632 1738 T
1656 1707 1679 1739 S
1701 1720 1747 1737 =
1775 1710 1804 1744 1,
1830 1705 1874 1737 iu}

1047 1752 1133 1782 sinus
1147 1757 1230 1782 totus
1243 1751 1282 1782 ad
1298 1751 1401 1781 sinum
1415 1751 1522 1791 anguli
1540 1751 1569 1781 T
1585 1750 1614 1780 L
1632 1750 1664 1787 S,
1680 1749 1734 1790 qui
1748 1756 1796 1780 est
1808 1749 1869 1780 57'.

1047 1794 1114 1825 20¹¹.
1157 1794 1198 1824 ln
1212 1793 1279 1823 aliis
1295 1793 1397 1824 Lunae
1411 1793 1486 1823 locis
1500 1792 1651 1822 minuitur
1665 1790 1826 1831 parallaxis
1838 1790 1873 1821 in

1046 1835 1155 1866 eadem
1176 1834 1240 1865 fere
1261 1836 1378 1865 ratione
1392 1844 1427 1865 ac
1449 1834 1681 1864 semi-diametri
1705 1834 1819 1870 Terrae,
1842 1839 1874 1864 et

1045 1878 1117 1908 hinc
1142 1877 1294 1917 prodeunt
1316 1877 1484 1916 parallaxes
1509 1876 1542 1906 in
1568 1875 1783 1906 latitudinibus
1859 1892 1875 1902 .

1045 1920 1144 1950 duum
1163 1924 1193 1950 Ο.
1214 1924 1263 1950 30.
1282 1923 1332 1949 88.
1346 1922 1398 1950 45.
1417 1921 1469 1950 52.
1487 1923 1538 1950 60.
1556 1922 1606 1950 90.
1624 1917 1730 1958 quales
1744 1928 1765 1948 a
1779 1885 1874 1948 Ngcae-

1044 1968 1120 1992 tono
1133 1962 1385 1992 determinantur.

1088 2004 1134 2046 (q)
1152 2007 1168 2024 ‘
1183 2005 1296 2036 Licebit
1308 2005 1463 2035 calculum
1473 2005 1556 2035 hunc
1566 2014 1686 2035 omnem
1699 2001 1875 2037 acmmiae

203 1709 248 1752 (¹²)
279 1713 347 1740 123.
395 1712 413 1730 ⁴
438 1711 606 1741 Parazlazis
623 1709 726 1740 Lunae
739 1709 935 1741 horizontalis
956 1710 990 1739 in

158 1752 284 1782 diversis
297 1752 512 1786 latitudinibus
533 1762 587 1781 seu
602 1751 753 1781 distantiis
774 1753 813 1782 ab
835 1758 990 1792 aequatore

159 1794 354 1825 determinari
376 1800 483 1833 potest.
533 1793 701 1824 Parallaxis
724 1794 826 1824 Lunae
848 1795 989 1824 horizon-

158 1836 228 1868 talis
249 1843 294 1867 est
316 1836 486 1866 differentia
500 1835 638 1867 locorum
659 1835 692 1864 in
713 1835 825 1875 quibus
843 1835 935 1866 Luna
955 1836 989 1866 in

159 1878 315 1910 horizonte
331 1879 437 1917 posita,
463 1889 500 1909 ex
527 1884 631 1908 centro
653 1883 685 1907 et
707 1877 866 1917 superficie
883 1879 989 1908 Terrae

160 1924 315 1953 observata
330 1921 410 1951 inter
434 1921 537 1951 stellas
563 1920 638 1950 fixas
663 1920 856 1959 conspicitur.
906 1921 987 1951 Haec

160 1971 264 1995 autem
279 1965 417 1994 locorum
432 1963 576 1993 distantia
590 1962 718 2002 aequalis
732 1968 778 1992 est
791 1962 908 2003 angulo
930 1964 988 1993 sub

158 2017 221 2047 quo
233 2006 384 2036 videretur
395 2006 632 2036 semi-diameter
646 2005 674 2034 T
675 2015 748 2034 errae
758 2015 794 2034 ex
804 2004 873 2035 loco
886 2005 987 2035 Lunae

159 2051 323 2079 observata.
373 2048 419 2078 Sit
442 2048 535 2078 Luna
549 2048 581 2077 in
595 2047 751 2077 horizonte
767 2047 933 2079 constituta
953 2047 986 2077 in

161 2091 210 2129 L;
240 2093 412 2121 observator
437 2091 470 2120 in
493 2089 663 2128 superficiei
689 2089 835 2119 terrestris
860 2090 928 2120 loco
953 2090 984 2125 S,

162 2134 287 2164 Lunam
298 2134 377 2163 inter
391 2133 493 2164 stellas
508 2132 616 2162 referet
631 2131 662 2161 in
678 2133 708 2167 b,
725 2131 778 2162 sed
793 2131 875 2162 idem
885 2134 985 2162 obser-

160 2184 246 2206 vator
259 2176 293 2205 in
308 2182 412 2205 centro
429 2176 533 2206 Terrae
550 2175 579 2204 T
595 2174 712 2212 positus
729 2173 856 2204 Lunam
877 2174 987 2205 referet

160 2219 192 2248 in
215 2229 243 2249 a.
289 2218 349 2248 Est
369 2217 464 2258 igitur
492 2216 666 2246 differentia
694 2216 832 2246 locorum
861 2216 988 2256 aequalis

160 2272 178 2292 a
194 2261 223 2291 L
238 2262 268 2299 b,
293 2260 347 2300 qui
372 2266 510 2301 aequatur
535 2258 651 2299 angulo
679 2258 701 2288 S
726 2258 754 2288 L
779 2259 818 2294 T,
844 2260 902 2290 sub
926 2269 989 2299 quo

161 2303 399 2334 semi—diameter
415 2303 520 2333 Terrae
541 2312 559 2332 e
577 2301 646 2331 loco
661 2300 763 2331 Lunae
780 2301 809 2331 L
824 2308 986 2341 spectatur.

164 2346 224 2376 Sed
263 2346 407 2386 quoniam
448 2345 543 2375 Terra
591 2350 637 2374 est
673 2343 783 2384 figurae

114 2390 116 2392 ’
161 2387 375 2428 sphaemidicae,
406 2386 637 2418 semi-diametri
659 2385 726 2426 ejus
748 2385 781 2415 in
952 2407 976 2433 q

161 2430 287 2461 diversis
307 2429 522 2460 latitudinibus
543 2428 623 2459 inter
644 2439 676 2459 se
691 2427 779 2458 diffe-
952 2428 958 2437 '

162 2478 244 2510 runt,
271 2478 302 2503 et
325 2478 371 2503 est
388 2471 627 2503 semi-diameter
645 2470 781 2501 maxima

162 2515 334 2546 secundum
353 2522 538 2556 aequatorem
557 2513 597 2544 ad
618 2513 780 2543 minimam

162 2557 335 2588 secundum
355 2557 451 2596 polos,
476 2557 540 2587 sive
562 2556 594 2586 in
617 2554 781 2586 latitudine

164 2599 232 2631 900.
265 2606 300 2630 ut
339 2603 504 2632 19658600
539 2598 579 2629 ad
618 2601 783 2630 19575000

161 2642 288 2678 circiter,
324 2648 430 2683 estque
471 2651 580 2671 earum
614 2639 785 2670 differentia

163 2687 267 2716 85472
304 2684 413 2727 (Prop.
455 2683 558 2714 XIX.
597 2682 667 2714 Lib.
701 2680 781 2722 huj.)

163 2727 194 2756 in
210 2727 277 2757 aliis
292 2725 506 2758 latitudinibus
517 2725 689 2756 differentia
702 2724 782 2754 inter

162 2769 347 2800 diametrum
382 2769 549 2799 maximam
585 2773 616 2798 et
643 2765 781 2807 quamvis
819 2765 909 2797 aliam
946 2769 992 2795 est

164 2812 204 2841 ad
218 2811 423 2843 differentiam
445 2811 577 2850 priorem
599 2810 634 2839 in
646 2809 764 2840 ratione
779 2805 937 2848 duplicata
950 2807 991 2837 si.

164 2853 224 2882 nus
238 2856 330 2884 totius
352 2854 391 2884 ad
413 2853 515 2883 sinum
538 2851 674 2893 cujusvis
695 2850 867 2881 latitudinis
881 2859 991 2889 quam-

165 2896 305 2933 proxime
321 2897 431 2938 (Prop.
449 2896 530 2925 XX.
545 2895 614 2925 Lib.
630 2893 710 2935 huj.)
725 2892 798 2922 hinc
814 2893 844 2922 in
860 2891 991 2932 syzygiis

168 2937 269 2968 Lunae
284 2939 444 2977 parallaxis
458 2938 525 2978 ejus
539 2935 732 2967 horizontalis
746 2935 916 2970 mediocris,
934 2934 991 2964 hoc

166 2987 222 3015 est,
243 2982 294 3009 ubi
317 2980 460 3010 distantia
474 2986 648 3010 centrorum
666 2978 767 3009 Lunae
782 2982 812 3007 et
828 2977 933 3007 Terrae
947 2980 992 3005 est

167 3022 478 3052 semi-diametrorum
505 3021 710 3052 maximarum
741 3019 845 3050 Terrae
874 3021 991 3049 59-366

167 3064 285 3093 circiter
296 3064 383 3104 (Cor.
396 3063 438 3102 ⁸.)
452 3065 509 3094 sub
520 3069 673 3102 aequatorc
685 3061 839 3092 invenitur
850 3060 991 3094 dicendo,

168 3113 204 3136 ut
225 3111 270 3136 est
291 3105 433 3135 distantia
457 3105 558 3135 Lunae
576 3116 593 3135 a
610 3103 707 3135 Termi
726 3105 755 3135 L
772 3104 794 3135 S
806 3116 851 3132 =
868 3105 992 3138 59566,

838 2444 1555 2687 θ*
1766 2541 1793 2568 ,

1044 2053 1182 2086 repetere.
1216 2045 1357 2077 Theoriae
1371 2045 1515 2076 Newtoni
1526 2044 1565 2075 de
1579 2044 1683 2076 Fluxu
1692 2050 1722 2075 et
1736 2043 1874 2075 Refluxu

1046 2089 1145 2119 Maris
1160 2088 1293 2128 plurima
1306 2088 1355 2118 hic
1377 2088 1584 2128 potuissemus
1597 2087 1774 2128 adjungere,
1796 2096 1874 2128 quo-

1043 2141 1113 2161 rum
1135 2142 1193 2171 ope
1215 2131 1348 2160 calculos
1372 2128 1543 2161 accuratius
1566 2136 1702 2169 repetere
1726 2126 1870 2160 licuisset.

1047 2172 1165 2203 Verum
1179 2172 1337 2203 materiam
1353 2172 1537 2203 exhauriunt
1551 2171 1784 2213 elegantissimas
1797 2171 1874 2202 Di·-

1045 2216 1223 2246 sertationes
1236 2225 1313 2255 quas
1329 2215 1401 2245 Vol.
1422 2215 1492 2246 111.
1510 2214 1695 2246 addidimus.

1089 2258 1133 2300 (¹)
1158 2261 1175 2277 *
1200 2260 1241 2289 Ut
1253 2259 1384 2297 gravitas
1397 2258 1596 2288 acceleratrix.
1646 2256 1692 2287 Sit
1707 2255 1745 2291 T,
1761 2254 1874 2295 globus

1049 2301 1154 2332 Terrae
1178 2300 1274 2331 fluido
1299 2300 1370 2330 satis
1392 2299 1545 2339 profundo
1571 2298 1600 2328 E
1620 2299 1660 2336 A,
1684 2302 1871 2336 co-opertus.

1567 2578 1598 2610 1.

1759 2621 1790 2662 b

1046 2761 1145 2802 sitque
1161 2761 1200 2798 L,
1223 2759 1334 2801 globus
1349 2757 1451 2789 Lunae
1472 2759 1648 2794 co-opertus
1663 2752 1760 2784 fluido
1782 2753 1811 2784 F
1827 2753 1868 2785 B.

1049 2805 1081 2835 Si
1095 2804 1228 2845 gravitas
1242 2799 1434 2832 accelerati-ix
1447 2799 1550 2830 Terrae
1565 2798 1597 2828 in
1612 2797 1735 2837 Lunam
1746 2796 1872 2837 aquali·

1046 2853 1125 2877 esset
1138 2844 1277 2886 gravitati
1289 2840 1488 2873 acceleratrici
1501 2840 1602 2870 Lunae
1613 2839 1645 2869 in
1659 2838 1796 2872 Terram.
1813 2838 1872 2868 hoc

1046 2894 1093 2919 est
1106 2889 1130 2918 si
1145 2887 1270 2929 aequalis
1284 2890 1361 2916 esset
1371 2883 1505 2914 materiae
1515 2883 1668 2923 quantitas
1681 2881 1715 2911 in
1731 2878 1826 2911 Lunfi
1839 2885 1872 2910 et

1047 2932 1080 2961 in
1097 2930 1204 2967 Terra,
1223 2927 1306 2968 globi
1321 2926 1384 2957 duo
1400 2926 1439 2963 T,
1458 2925 1497 2962 L,
1521 2935 1585 2955 sese
1598 2927 1817 2963 componerent
1837 2921 1871 2951 in

1047 2973 1162 3014 figuras
1176 2967 1387 3011 sphoeroidicas
1402 2967 1514 2998 similes
1529 2975 1659 3007 quarum
1675 2974 1747 2996 axes
1770 2963 1807 2994 M
1827 2963 1869 3000 A,

1051 3016 1080 3046 Β
1097 3015 1138 3050 N,
1157 3014 1293 3055 jacerent
1311 3011 1343 3040 in
1363 3010 1512 3040 directum
1536 3009 1639 3050 (106).
1688 3005 1770 3038 Οὐαὶ
1786 3005 1871 3036 enim

1048 3056 1153 3087 omnia
1167 3055 1238 3086 hinc
1254 3053 1325 3083 inde
1340 3059 1492 3091 ponantur
1507 3050 1636 3090 aequalia
1649 3054 1758 3088 praeter
1772 3048 1870 3087 ipsam

1049 3098 1173 3136 molem,
1196 3096 1283 3127 nulla
1303 3101 1348 3126 est
1370 3094 1445 3125 ratio
1460 3103 1515 3125 cur
1534 3093 1640 3133 figura·
1655 3091 1717 3122 iuae
1732 3100 1794 3120 non
1809 3089 1871 3121 siut
