2072 3522
121 2448 124 2451 Δ
161 2429 307 2454 caet'erum
337 2435 398 2454 non
429 2430 549 2455 tantum
574 2425 613 2454 in'
636 2425 839 2455 luminarium

171 254 248 293 106
579 249 1030 292 PHlLOSOPHIAE
1064 248 1424 291 NATURALIS
1455 248 1550 300 [DE
1569 247 1731 289 Mum).
1751 248 1873 291 Srs'r.

143 362 308 425 ·anguli
342 361 398 404 sic
430 361 597 412 inventi,
633 363 688 404 ita
722 364 773 403 2'.
810 363 903 404 25⁹.
941 369 1038 404 sunt
1072 361 1126 403 ad
1159 361 1433 420 aequationem
1472 361 1603 403 centri
1636 360 1873 413 secundam,

167 434 413 484 addendam,
443 435 477 474 si
504 448 664 476 summa
693 434 762 475 illa
789 435 840 476 sit
868 434 1004 476 minor

168 504 457 555 semi-circulo,
480 504 787 546 subducendam
808 506 841 545 si
861 506 1004 560 major.

171 578 239 619 Sic
259 577 478 618 habebitur
501 578 586 632 ejus
607 577 824 633 longitudo
843 577 885 617 in
905 579 1004 632 ipsis

168 648 431 689 luminarium
451 648 637 705 syzygiis.

228 720 336 763 Cum
349 721 624 775 atmosphaera
640 721 787 761 Terrae
808 721 861 762 ad
876 736 1006 777 usque
1061 715 1064 719 ⁴

167 792 425 834 altitudinem
448 792 683 832 milliarium
706 798 758 833 35
781 792 843 833 vel
866 799 920 834 40
942 808 1007 834 re—

165 856 318 922 fringat
346 866 481 907 lucem
515 866 635 916 Solis,
669 874 710 906 et
739 865 1005 922 refringendo

166 946 333 994 spargat
356 938 529 978 eandem
558 938 601 977 in
630 937 820 977 umbram
841 937 1002 989 Terrae,

165 1016 207 1048 et
227 1009 459 1064 spargendo
478 1009 614 1049 lucem
634 1008 677 1048 iu
699 1008 880 1049 confinio
901 1010 1060 1050 umbrae
1080 1009 1223 1051 dilatet
1242 1009 1456 1051 umbram:
1481 1010 1530 1066 (¹)
1553 1010 1606 1050 ad
1626 1010 1871 1054 diametrum

122 1131 125 1134 Δ
166 1080 337 1129 umbrae,
377 1094 469 1135 quae
498 1093 574 1134 per
602 1079 847 1134 parallaxim
881 1080 1046 1134 prodit,
1072 1080 1182 1121 addo
1214 1080 1421 1121 minutum
1455 1095 1584 1121 unum
1615 1081 1795 1135 primum
1829 1083 1872 1123 in

164 1150 383 1205 eclipsibus
406 1150 552 1200 Lunae,
576 1150 641 1190 vel
661 1150 865 1191 minutum
887 1165 1017 1191 unum
1038 1166 1133 1192 cum
1153 1151 1313 1191 triente.

223 1223 407 1264 Theoria
427 1222 527 1264 vero
550 1223 684 1264 Lunae
705 1223 840 1279 primo
861 1223 904 1264 in
925 1223 1113 1280 syzygiis,
1138 1222 1287 1265 deinde
1307 1222 1351 1263 in
1372 1222 1644 1278 quadraturis,
1667 1231 1706 1264 et
1726 1209 1872 1265 ultimo

166 1294 206 1333 in
242 1292 473 1334 octantibus
514 1308 590 1347 per
629 1293 906 1347 phaenomena
945 1294 1173 1335 examinari
1209 1302 1250 1334 et
1282 1290 1458 1334 stabiliri
1487 1295 1621 1335 debet.
1682 1294 1737 1335 Et
1768 1310 1872 1350 opus

165 1365 296 1407 hocce
326 1381 596 1423 aggressurus
623 1353 763 1408 ‘motus
783 1367 941 1408 medios
965 1367 1072 1408 Solis
1103 1374 1144 1408 et
1174 1366 1308 1407 Lunae
1338 1365 1391 1406 ad
1419 1373 1580 1420 tempus
1602 1366 1873 1407 meridianum

165 1436 207 1476 in
230 1435 529 1478 Observatorio
552 1437 687 1494 Regio
710 1437 1022 1488 Grenovicensi,
1046 1438 1112 1479 die
1144 1437 1289 1478 ultimo
1318 1437 1470 1478 mensis
1501 1438 1746 1479 Decembris
1776 1439 1872 1479 anni

170 1513 290 1553 1700.
322 1517 370 1550 st.
402 1517 482 1550 vet.
513 1523 598 1550 non
627 1509 889 1551 incommode
919 1518 1133 1567 sequentes
1155 1510 1391 1554 adhibebit:
1423 1525 1572 1566 nempe
1601 1519 1757 1551 motum
1787 1526 1873 1552 me-

165 1581 278 1622 dium
303 1582 410 1623 Solis
439 1586 482 1624 155>
515 1588 613 1624 202¹.
636 1585 717 1624 43'.
741 1585 833 1625 40²¹.
865 1592 906 1624 et
935 1583 1097 1640 apogaei
1127 1584 1212 1638 ejus
1233 1592 1274 1617 Ξ
1299 1587 1367 1626 7⁸¹.
1390 1583 1470 1623 44'.
1505 1584 1613 1632 30''.,
1645 1592 1687 1623 et
1715 1591 1874 1624 motum

163 1653 345 1694 medium
368 1653 503 1694 Lunae
522 1660 564 1691 ἐπ
591 1659 686 1695 153¹.
710 1655 789 1695 21².
813 1655 921 1704 00'‘.,
954 1663 996 1695 et
1015 1653 1177 1710 apogaei
1198 1654 1283 1708 ejus
1309 1658 1342 1692 Χ
1371 1657 1438 1693 88‘.
1462 1654 1542 1694 20'.
1564 1653 1672 1702 00”.,
1705 1661 1747 1693 et
1774 1653 1872 1694 nodi

162 1724 420 1764 ascendentis
444 1727 484 1765 81
509 1728 606 1767 278‘.
629 1726 710 1764 24².
735 1725 855 1772 20‘'.;
888 1732 928 1764 et
949 1723 1224 1765 differentiam
1243 1722 1567 1763 meridianorum
1589 1721 1872 1763 Observatorii

160 1797 284 1851 hujus
315 1804 356 1837 et
384 1796 668 1837 Observatorii
702 1796 824 1851 Regii
857 1795 1098 1836 Parisiensis
1124 1794 1182 1836 0¹¹.
1214 1795 1265 1835 9'.
1288 1795 1381 1834 20''.
1413 1801 1549 1833 motus
1579 1800 1716 1835 autem
1744 1793 1871 1836 medii

165 1866 300 1908 Lunae
321 1874 362 1907 et
382 1867 543 1923 apogaei
562 1868 648 1921 ejus
669 1866 856 1908 nondum
877 1867 972 1910 satis
993 1864 1182 1907 accurate
1201 1864 1419 1907 habentur.
1484 1853 1488 1856 .

161 2008 207 2032 est
235 2002 307 2033 vero
335 2003 362 2033 F
394 2006 431 2044 Θ
463 2015 509 2032 =
542 2002 570 2033 P
602 2003 641 2037 Ε,
667 2001 739 2032 cum
766 2012 839 2043 ergo

165 2045 193 2074 A
227 2045 257 2075 E
284 2051 330 2076 est
361 2048 460 2087 major
489 2045 706 2081 semi-circulo,
736 2050 773 2074 ut
803 2046 837 2075 in

159 2086 269 2126 figura,
306 2094 382 2118 tunc
421 2088 449 2118 P
486 2088 515 2117 E
553 2087 615 2117 sive
655 2088 681 2117 F
719 2091 757 2128 Θ
790 2094 836 2117 est

159 2129 262 2159 minor
291 2129 511 2165 semi-circulo,
548 2136 594 2159 est
625 2140 698 2169 ergo
731 2134 769 2172 Q)
803 2129 837 2159 in

160 2172 378 2212 consequentia
403 2177 544 2211 respectu
568 2172 675 2210 puncti
703 2173 738 2208 F,
764 2172 837 2202 hinc

160 2212 360 2244 subducenda
388 2221 434 2244 est
462 2224 498 2244 ea
526 2215 677 2253 aequatio;
701 2216 741 2245 sit
765 2212 838 2244 vero

163 2256 194 2285 A
209 2255 238 2285 E
255 2255 355 2286 minor
365 2255 572 2287 semi-circulo
584 2255 641 2286 erit
660 2256 686 2286 P
698 2258 726 2287 E
743 2257 840 2296 major

160 2298 368 2328 semi-circulo
383 2305 419 2328 ut
432 2304 463 2328 et
481 2298 506 2328 F
521 2301 572 2339 Θ,
588 2296 719 2338 ide6que
735 2306 779 2330 est
797 2302 835 2340 Ε)

160 2340 193 2369 in
205 2340 415 2371 antecedentia
426 2348 564 2379 respectu
583 2340 608 2370 F
618 2352 626 2377 ;
643 2349 840 2379 promovetur

160 2381 265 2421 itaque
279 2382 372 2412 Luna
386 2388 509 2421 propter
523 2384 603 2414 hanc
616 2386 836 2423 aequassonerm

160 2466 300 2506 syzygii3‚
314 2466 366 2496 sed
378 2466 416 2496 ad
428 2473 552 2496 caeteros
566 2467 666 2497 Lunae
678 2467 840 2507 adspectus

161 2509 227 2538 haec
250 2508 385 2547 adaptari
407 2515 544 2549 possunt,
569 2508 677 2539 verum
701 2520 838 2540 commo—

162 2550 232 2580 dius
247 2557 292 2581 est
306 2551 498 2587 astronomis,
523 2552 671 2581 theoriam
689 2562 777 2583 suam
799 2561 837 2581 ex

161 2593 355 2633 syzygiarum
364 2593 623 2624 observationibus
637 2594 794 2634 explorare
808 2600 839 2625 et

162 2635 358 2665 constituere.

206 2690 248 2732 (¹')
267 2692 283 2710 '¹
301 2692 350 2721 Ad
365 2693 548 2722 diametrum
564 2693 690 2722 umbrae.
733 2691 839 2721 Paral-

161 2733 238 2762 laxis
263 2739 308 2762 est
332 2733 468 2773 angulus
492 2733 547 2773 qui
569 2733 765 2768 subtenditur
786 2743 840 2772 per

162 2774 238 2804 semi
255 2774 438 2805 diametrum
458 2775 561 2805 Terrae
582 2786 619 2806 ex
643 2775 738 2806 Luni
751 2786 836 2814 spec·

162 2822 254 2853 tatae;
279 2817 345 2857 jam
375 2816 447 2848 vero
476 2824 598 2857 propter
627 2818 837 2856 atmosphoerae

162 2858 313 2889 actionem
339 2860 372 2889 in
398 2859 497 2890 radios
521 2860 600 2890 lucis
625 2860 708 2891 idem
738 2861 840 2890 evenit

162 2908 300 2938 respectu
331 2903 450 2931 umbrae
479 2912 515 2932 ac
544 2902 569 2932 si
599 2902 839 2933 semi-diameter
896 2881 942 2917 Λ·

164 2942 268 2972 Terrae
283 2946 323 2974 35
339 2944 387 2973 vel
403 2948 444 2974 40
458 2943 641 2975 milliaribus
662 2950 835 2985 augeretur,

161 2993 235 3014 nam
266 2985 344 3015 radii
375 2985 445 3016 illac
478 2994 638 3027 pergentes
669 2994 782 3016 rectam
813 2987 892 3017 viam
926 2999 990 3020 non
1032 2990 1116 3030 gitur
1150 3001 1223 3031 ergo
1258 2993 1458 3031 atmospbaern
1494 2993 1559 3024 vice
1593 2993 1727 3033 corporis
1761 2993 1859 3032 opaci,

160 3033 340 3067 sequuntur,
374 3028 427 3058 sed
457 3028 622 3059 introrsum
656 3029 690 3058 in
722 3029 864 3059 umbram
894 3031 990 3071 conji-
1033 3039 1063 3063 et
1098 3034 1208 3063 umbra
1235 3033 1272 3064 efi
1299 3033 1338 3064 de
1367 3035 1458 3064 causa}
1491 3036 1612 3066 dilatari
1648 3035 1738 3066 debet
1771 3035 1861 3075 quasi

160 3067 294 3105 ciuntur,
321 3069 391 3099 hinc
417 3076 521 3100 carent
544 3071 637 3102 radiis
658 3070 807 3101 solaribus
829 3071 898 3102 ioca
919 3083 988 3112 quae
1031 3074 1270 3106 semi-diameter
1297 3076 1401 3106 Terroe
1423 3077 1455 3106 in
1479 3082 1519 3108 §.¹5
1542 3078 1589 3108 vel
1611 3082 1654 3109 40
1679 3076 1879 3109 milliaribur

160 3116 242 3142 treus
263 3112 497 3150 atmosphaemm
511 3123 563 3144 eos
585 3113 717 3152 recipere
739 3114 893 3151 deberent,
915 3114 988 3146 fun·
1030 3115 1110 3147 foret
1124 3122 1222 3147 aucta·
